Date,Transaction Type,No.,Name,Memo/Description,Account,Debit,Credit,Balance
,,,,,,,,
10/08/2011,Cheque Expense,,Transfer Money,,ANZ  Online Saver,"10,000.00  ",,"10,000.00  "
16/08/2011,Journal Entry,50,,Deposit,ANZ  Online Saver,"17,800.00  ",,"27,800.00  "
09/09/2011,Journal Entry,52,,Deposit,ANZ  Online Saver,114.55  ,,"27,914.55  "
25/09/2011,Journal Entry,51,,,ANZ  Online Saver,,"5,000.00  ","22,914.55  "
07/10/2011,Journal Entry,53,,Deposit,ANZ  Online Saver,113.68  ,,"23,028.23  "
01/11/2011,Cheque Expense,,Transfer Money,,ANZ  Online Saver,,"15,000.00  ","8,028.23  "
09/11/2011,Journal Entry,45,,Deposit,ANZ  Online Saver,98.94  ,,"8,127.17  "
14/11/2011,Journal Entry,56,,Deposit,ANZ  Online Saver,"13,000.00  ",,"21,127.17  "
17/11/2011,Journal Entry,57,,Deposit,ANZ  Online Saver,"20,000.00  ",,"41,127.17  "
28/11/2011,Cheque Expense,,Transfer Money,,ANZ  Online Saver,,"10,000.00  ","31,127.17  "
05/12/2011,Cheque Expense,,Transfer Money,,ANZ  Online Saver,,"21,000.00  ","10,127.17  "
09/01/2012,Journal Entry,59,,Deposit,ANZ  Online Saver,36.90  ,,"10,164.07  "
09/01/2012,Journal Entry,58,,Actually Dec 2011 but missed in Instalment Activity Statement,ANZ  Online Saver,102.43  ,,"10,266.50  "
09/02/2012,Journal Entry,61,,Deposit,ANZ  Online Saver,34.78  ,,"10,301.28  "
16/02/2012,Journal Entry,67,,Deposit,ANZ  Online Saver,"14,000.00  ",,"24,301.28  "
01/04/2012,Journal Entry,68,,Actually Mar 2011 but missed in Instalment Activity Statement,ANZ  Online Saver,66.31  ,,"24,367.59  "
05/04/2012,Journal Entry,69,,Deposit,ANZ  Online Saver,71.91  ,,"24,439.50  "
16/04/2012,Journal Entry,70,,Deposit,ANZ  Online Saver,"9,000.00  ",,"33,439.50  "
02/05/2012,Cheque Expense,,Transfer Money,,ANZ  Online Saver,,"30,000.00  ","3,439.50  "
07/05/2012,Journal Entry,50,,Deposit,ANZ  Online Saver,"15,500.00  ",,"18,939.50  "
09/05/2012,Journal Entry,51,,Deposit,ANZ  Online Saver,91.73  ,,"19,031.23  "
15/05/2012,Journal Entry,49,,,ANZ  Online Saver,"9,000.00  ",,"28,031.23  "
16/05/2012,Journal Entry,50,,,ANZ  Online Saver,"15,000.00  ",,"43,031.23  "
17/05/2012,Journal Entry,51,,,ANZ  Online Saver,"10,500.00  ",,"53,531.23  "
22/05/2012,Cheque Expense,,Transfer Money,,ANZ  Online Saver,,"20,000.00  ","33,531.23  "
24/05/2012,Cheque Expense,,Transfer Money,,ANZ  Online Saver,,"1,000.00  ","32,531.23  "
06/06/2012,Cheque Expense,,Transfer Money,,ANZ  Online Saver,,"8,500.00  ","24,031.23  "
08/06/2012,Journal Entry,55,,Deposit,ANZ  Online Saver,96.39  ,,"24,127.62  "
25/06/2012,Journal Entry,54,,Deposit,ANZ  Online Saver,"18,700.00  ",,"42,827.62  "
30/06/2012,Journal Entry,52,,,ANZ  Online Saver,"300,000.00  ",,"342,827.62  "
03/07/2012,Cheque Expense,,Transfer Money,,ANZ  Online Saver,,"308,000.00  ","34,827.62  "
09/07/2012,Journal Entry,60,,Deposit,ANZ  Online Saver,169.30  ,,"34,996.92  "
13/07/2012,Journal Entry,61,,Deposit,ANZ  Online Saver,"27,000.00  ",,"61,996.92  "
23/07/2012,Cheque Expense,,Transfer Money,,ANZ  Online Saver,,"10,000.00  ","51,996.92  "
27/07/2012,Journal Entry,62,,,ANZ  Online Saver,,"3,000.00  ","48,996.92  "
09/08/2012,Journal Entry,63,,Deposit,ANZ  Online Saver,142.51  ,,"49,139.43  "
17/08/2012,Journal Entry,64,,Deposit,ANZ  Online Saver,"15,000.00  ",,"64,139.43  "
31/08/2012,Journal Entry,65,,Deposit,ANZ  Online Saver,"35,000.00  ",,"99,139.43  "
07/09/2012,Journal Entry,66,,Deposit,ANZ  Online Saver,176.27  ,,"99,315.70  "
17/09/2012,Cheque Expense,,Transfer Money,,ANZ  Online Saver,,"70,000.00  ","29,315.70  "
17/09/2012,Journal Entry,69,,Deposit,ANZ  Online Saver,"14,000.00  ",,"43,315.70  "
24/09/2012,Cheque Expense,,Transfer Money,,ANZ  Online Saver,,"20,000.00  ","23,315.70  "
09/10/2012,Journal Entry,75,,Deposit,ANZ  Online Saver,140.56  ,,"23,456.26  "
20/10/2012,Journal Entry,54,,,ANZ  Online Saver,"18,500.00  ",,"41,956.26  "
09/11/2012,Journal Entry,59,,Deposit,ANZ  Online Saver,89.93  ,,"42,046.19  "
15/11/2012,Journal Entry,55,,,ANZ  Online Saver,"21,000.00  ",,"63,046.19  "
16/11/2012,Journal Entry,56,,,ANZ  Online Saver,"7,000.00  ",,"70,046.19  "
20/11/2012,Journal Entry,57,,,ANZ  Online Saver,,"9,000.00  ","61,046.19  "
21/11/2012,Journal Entry,57,,,ANZ  Online Saver,,"20,000.00  ","41,046.19  "
28/11/2012,Cheque Expense,,Transfer Money,,ANZ  Online Saver,,"10,000.00  ","31,046.19  "
07/12/2012,Journal Entry,66,,Deposit,ANZ  Online Saver,100.27  ,,"31,146.46  "
17/12/2012,Journal Entry,61,,Deposit,ANZ  Online Saver,"15,000.00  ",,"46,146.46  "
18/12/2012,Cheque Expense,,Transfer Money,,ANZ  Online Saver,,"15,000.00  ","31,146.46  "
02/01/2013,Cheque Expense,,Transfer Money,,ANZ  Online Saver,,"15,000.00  ","16,146.46  "
02/01/2013,Cheque Expense,,Transfer Money,,ANZ  Online Saver,,"15,000.00  ","1,146.46  "
03/01/2013,Journal Entry,58,,,ANZ  Online Saver,,"1,000.00  ",146.46  
09/01/2013,Journal Entry,63,,Deposit,ANZ  Online Saver,63.26  ,,209.72  
15/01/2013,Journal Entry,58,,,ANZ  Online Saver,"5,500.00  ",,"5,709.72  "
20/01/2013,Journal Entry,59,,,ANZ  Online Saver,"5,000.00  ",,"10,709.72  "
22/01/2013,Journal Entry,60,,,ANZ  Online Saver,,"1,000.00  ","9,709.72  "
08/02/2013,Journal Entry,64,,Deposit,ANZ  Online Saver,16.20  ,,"9,725.92  "
15/02/2013,Journal Entry,61,,Deposit,ANZ  Online Saver,"24,000.00  ",,"33,725.92  "
08/03/2013,Journal Entry,65,,Deposit,ANZ  Online Saver,58.49  ,,"33,784.41  "
17/03/2013,Journal Entry,62,,Deposit,ANZ  Online Saver,"4,000.00  ",,"37,784.41  "
09/04/2013,Journal Entry,71,,Deposit,ANZ  Online Saver,88.38  ,,"37,872.79  "
18/04/2013,Journal Entry,72,,Deposit,ANZ  Online Saver,"22,000.00  ",,"59,872.79  "
24/04/2013,Cheque Expense,,Transfer Money,,ANZ  Online Saver,,"15,000.00  ","44,872.79  "
26/04/2013,Cheque Expense,,Transfer Money,,ANZ  Online Saver,,"14,000.00  ","30,872.79  "
28/04/2013,Cheque Expense,,Transfer Money,,ANZ  Online Saver,,100.00  ,"30,772.79  "
08/05/2013,Journal Entry,74,,Deposit,ANZ  Online Saver,"28,500.00  ",,"59,272.79  "
09/05/2013,Journal Entry,77,,,ANZ  Online Saver,,"55,000.00  ","4,272.79  "
09/05/2013,Journal Entry,78,,Deposit,ANZ  Online Saver,91.81  ,,"4,364.60  "
17/06/2013,Journal Entry,62,,Deposit,ANZ  Online Saver,"12,000.00  ",,"16,364.60  "
28/06/2013,Journal Entry,60,,,ANZ  Online Saver,"270,000.00  ",,"286,364.60  "
05/07/2013,Cheque Expense,,Transfer Money,,ANZ  Online Saver,,"275,000.00  ","11,364.60  "
09/07/2013,Journal Entry,63,,Deposit,ANZ  Online Saver,152.75  ,,"11,517.35  "
22/07/2013,Journal Entry,64,,Deposit,ANZ  Online Saver,"16,700.00  ",,"28,217.35  "
04/08/2013,Journal Entry,65,,,ANZ  Online Saver,,"1,000.00  ","27,217.35  "
09/08/2013,Journal Entry,67,,Deposit,ANZ  Online Saver,44.70  ,,"27,262.05  "
20/08/2013,Journal Entry,68,,Deposit,ANZ  Online Saver,"20,000.00  ",,"47,262.05  "
09/09/2013,Journal Entry,70,,Deposit,ANZ  Online Saver,77.31  ,,"47,339.36  "
16/09/2013,Cheque Expense,,Transfer Money,,ANZ  Online Saver,,"11,000.00  ","36,339.36  "
16/09/2013,Journal Entry,69,,Deposit,ANZ  Online Saver,"23,000.00  ",,"59,339.36  "
09/10/2013,Journal Entry,63,,Deposit,ANZ  Online Saver,106.04  ,,"59,445.40  "
09/10/2013,Cheque Expense,,Transfer Money,,ANZ  Online Saver,,"18,000.00  ","41,445.40  "
09/10/2013,Cheque Expense,,Transfer Money,,ANZ  Online Saver,,"4,500.00  ","36,945.40  "
20/10/2013,Cheque Expense,,Transfer Money,,ANZ  Online Saver,,500.00  ,"36,445.40  "
04/11/2013,Journal Entry,65,,Deposit,ANZ  Online Saver,"31,000.00  ",,"67,445.40  "
04/11/2013,Cheque Expense,,Transfer Money,,ANZ  Online Saver,,"2,500.00  ","64,945.40  "
08/11/2013,Journal Entry,64,,Deposit,ANZ  Online Saver,76.52  ,,"65,021.92  "
14/11/2013,Journal Entry,70,,Deposit,ANZ  Online Saver,"32,000.00  ",,"97,021.92  "
14/11/2013,Cheque Expense,,Transfer Money,,ANZ  Online Saver,,"9,000.00  ","88,021.92  "
09/12/2013,Journal Entry,71,,Deposit,ANZ  Online Saver,159.70  ,,"88,181.62  "
16/12/2013,Cheque Expense,,Transfer Money,,ANZ  Online Saver,,"80,000.00  ","8,181.62  "
16/12/2013,Journal Entry,72,,Deposit,ANZ  Online Saver,"20,000.00  ",,"28,181.62  "
09/01/2014,Journal Entry,73,,Deposit,ANZ  Online Saver,79.75  ,,"28,261.37  "
07/02/2014,Journal Entry,84,,Deposit,ANZ  Online Saver,50.52  ,,"28,311.89  "
16/02/2014,Journal Entry,62,,,ANZ  Online Saver,"22,700.00  ",,"51,011.89  "
07/03/2014,Journal Entry,83,,Deposit,ANZ  Online Saver,75.45  ,,"51,087.34  "
11/03/2014,Journal Entry,79,,,ANZ  Online Saver,,"50,000.00  ","1,087.34  "
13/03/2014,Journal Entry,80,,Deposit,ANZ  Online Saver,"22,000.00  ",,"23,087.34  "
09/04/2014,Journal Entry,81,,Deposit,ANZ  Online Saver,51.02  ,,"23,138.36  "
22/04/2014,Journal Entry,82,,Deposit,ANZ  Online Saver,"23,500.00  ",,"46,638.36  "
26/04/2014,Cheque Expense,,Transfer Money,,ANZ  Online Saver,800.00  ,,"47,438.36  "
26/04/2014,Journal Entry,87,,,ANZ  Online Saver,,"2,000.00  ","45,438.36  "
09/05/2014,Journal Entry,89,,Deposit,ANZ  Online Saver,72.25  ,,"45,510.61  "
11/05/2014,Cheque Expense,,Transfer Money,,ANZ  Online Saver,,"20,000.00  ","25,510.61  "
11/05/2014,Journal Entry,88,,,ANZ  Online Saver,,250.00  ,"25,260.61  "
16/05/2014,Journal Entry,90,,Deposit,ANZ  Online Saver,"33,000.00  ",,"58,260.61  "
03/06/2014,Journal Entry,91,,Deposit,ANZ  Online Saver,"357,000.00  ",,"415,260.61  "
09/06/2014,Journal Entry,92,,Deposit,ANZ  Online Saver,231.64  ,,"415,492.25  "
09/06/2014,Cheque Expense,,Transfer Money,,ANZ  Online Saver,,"12,500.00  ","402,992.25  "
23/06/2014,Cheque Expense,,Transfer Money,,ANZ  Online Saver,,"200,000.00  ","202,992.25  "
23/06/2014,Cheque Expense,,Transfer Money,,ANZ  Online Saver,,"200,000.00  ","2,992.25  "
01/07/2014,Cheque Expense,,Transfer Money,,ANZ  Online Saver,,"2,200.00  ",792.25  
09/07/2014,Journal Entry,100,,Deposit,ANZ  Online Saver,335.46  ,,"1,127.71  "
28/07/2014,Journal Entry,99,,,ANZ  Online Saver,,"1,127.71  ",0.00  
17/09/2014,Cheque Expense,,Transfer Money,,ANZ  Online Saver,"27,000.00  ",,"27,000.00  "
09/10/2014,Journal Entry,110,,Deposit,ANZ  Online Saver,36.61  ,,"27,036.61  "
13/10/2014,Cheque Expense,,Transfer Money,,ANZ  Online Saver,,"20,000.00  ","7,036.61  "
29/10/2014,Cheque Expense,,Transfer Money,,ANZ  Online Saver,,"2,500.00  ","4,536.61  "
31/10/2014,Journal Entry,118,,Deposit,ANZ  Online Saver,11.14  ,,"4,547.75  "
24/11/2014,Cheque Expense,,Transfer Money,,ANZ  Online Saver,,"3,500.00  ","1,047.75  "
11/12/2014,Cheque Expense,,Transfer Money,,ANZ  Online Saver,"562,000.00  ",,"563,047.75  "
11/12/2014,Journal Entry,121,,Deposit,ANZ  Online Saver,"490,000.00  ",,"1,053,047.75  "
15/12/2014,Cheque Expense,,Transfer Money,,ANZ  Online Saver,,"1,053,047.75  ",0.00  
31/12/2014,Journal Entry,119,,Deposit,ANZ  Online Saver,242.35  ,,242.35  
31/01/2015,Cheque Expense,,Transfer Money,,ANZ  Online Saver,"124,000.00  ",,"124,242.35  "
27/02/2015,Journal Entry,129,,Deposit,ANZ  Online Saver,184.49  ,,"124,426.84  "
03/03/2015,Journal Entry,124,,,ANZ  Online Saver,,"1,000.00  ","123,426.84  "
31/03/2015,Journal Entry,130,,Deposit,ANZ  Online Saver,200.39  ,,"123,627.23  "
10/04/2015,Cheque Expense,,Transfer Money,,ANZ  Online Saver,,"15,000.00  ","108,627.23  "
27/04/2015,Journal Entry,128,,,ANZ  Online Saver,,"1,000.00  ","107,627.23  "
30/04/2015,Journal Entry,64,,Deposit,ANZ  Online Saver,166.39  ,,"107,793.62  "
30/04/2015,Journal Entry,63,,,ANZ  Online Saver,,"2,000.00  ","105,793.62  "
14/05/2015,Journal Entry,63,,,ANZ  Online Saver,,"4,048.79  ","101,744.83  "
14/05/2015,Cheque Expense,,Transfer Money,,ANZ  Online Saver,,"2,000.00  ","99,744.83  "
28/05/2015,Cheque Expense,,Transfer Money,,ANZ  Online Saver,,"2,000.00  ","97,744.83  "
29/05/2015,Journal Entry,65,,Deposit,ANZ  Online Saver,129.57  ,,"97,874.40  "
02/06/2015,Cheque Expense,,Transfer Money,,ANZ  Online Saver,,"13,200.00  ","84,674.40  "
04/06/2015,Cheque Expense,,Transfer Money,,ANZ  Online Saver,,"3,000.00  ","81,674.40  "
05/06/2015,Cheque Expense,,Transfer Money,,ANZ  Online Saver,,"1,000.00  ","80,674.40  "
11/06/2015,Cheque Expense,,Transfer Money,,ANZ  Online Saver,,"2,000.00  ","78,674.40  "
11/06/2015,Cheque Expense,,Transfer Money,,ANZ  Online Saver,,"10,803.29  ","67,871.11  "
12/06/2015,Cheque Expense,,Transfer Money,,ANZ  Online Saver,,"1,000.00  ","66,871.11  "
19/06/2015,Cheque Expense,,Transfer Money,,ANZ  Online Saver,,"1,000.00  ","65,871.11  "
22/06/2015,Cheque Expense,,Transfer Money,,ANZ  Online Saver,,"12,000.00  ","53,871.11  "
24/06/2015,Cheque Expense,,Transfer Money,,ANZ  Online Saver,,"24,000.00  ","29,871.11  "
25/06/2015,Cheque Expense,,Transfer Money,,ANZ  Online Saver,,"2,000.00  ","27,871.11  "
25/06/2015,Cheque Expense,,Transfer Money,,ANZ  Online Saver,,"15,000.00  ","12,871.11  "
26/06/2015,Cheque Expense,,Transfer Money,,ANZ  Online Saver,,"1,000.00  ","11,871.11  "
26/06/2015,Journal Entry,66,,Deposit,ANZ  Online Saver,"125,000.00  ",,"136,871.11  "
28/06/2015,Journal Entry,63,,,ANZ  Online Saver,,"13,947.92  ","122,923.19  "
30/06/2015,Journal Entry,71,,Deposit,ANZ  Online Saver,97.05  ,,"123,020.24  "
03/07/2015,Cheque Expense,,Transfer Money,,ANZ  Online Saver,,"1,000.00  ","122,020.24  "
09/07/2015,Cheque Expense,,Transfer Money,,ANZ  Online Saver,,"2,000.00  ","120,020.24  "
10/07/2015,Cheque Expense,,Transfer Money,,ANZ  Online Saver,,"1,000.00  ","119,020.24  "
13/07/2015,Cheque Expense,,Transfer Money,,ANZ  Online Saver,,"19,031.94  ","99,988.30  "
15/07/2015,Cheque Expense,,Transfer Money,,ANZ  Online Saver,,"50,000.00  ","49,988.30  "
16/07/2015,Cheque Expense,,Transfer Money,,ANZ  Online Saver,,"49,000.00  ",988.30  
17/07/2015,Journal Entry,72,,Deposit,ANZ  Online Saver,500.00  ,,"1,488.30  "
17/07/2015,Cheque Expense,,Transfer Money,,ANZ  Online Saver,,"1,000.00  ",488.30  
31/07/2015,Journal Entry,73,,Deposit,ANZ  Online Saver,70.12  ,,558.42  
19/02/2016,Cheque Expense,,Transfer Money,,ANZ  Online Saver,,250.00  ,308.42  
10/04/2016,Cheque Expense,,Transfer Money,,ANZ  Online Saver,,250.00  ,58.42  
12/06/2016,Journal Entry,65,,,ANZ  Online Saver,"21,401.80  ",,"21,460.22  "
30/06/2016,Journal Entry,92,,Deposit,ANZ  Online Saver,10.03  ,,"21,470.25  "
06/07/2016,Cheque Expense,,Transfer Money,,ANZ  Online Saver,,"2,000.00  ","19,470.25  "
06/07/2016,Cheque Expense,,Transfer Money,,ANZ  Online Saver,,"2,000.00  ","17,470.25  "
06/07/2016,Cheque Expense,,Transfer Money,,ANZ  Online Saver,,"17,000.00  ",470.25  
29/07/2016,Journal Entry,95,,Deposit,ANZ  Online Saver,3.34  ,,473.59  
02/08/2016,Journal Entry,96,,,ANZ  Online Saver,,400.00  ,73.59  
08/08/2016,Journal Entry,97,,Deposit,ANZ  Online Saver,"14,000.00  ",,"14,073.59  "
09/08/2016,Cheque Expense,,Transfer Money,,ANZ  Online Saver,,"14,000.00  ",73.59  
31/08/2016,Journal Entry,113,,Deposit,ANZ  Online Saver,0.37  ,,73.96  
18/11/2016,Cheque Expense,,Transfer Money,,ANZ  Online Saver,"3,000.00  ",,"3,073.96  "
30/11/2016,Cheque Expense,,Transfer Money,,ANZ  Online Saver,,"1,925.00  ","1,148.96  "
12/12/2016,Cheque Expense,,Transfer Money,,ANZ  Online Saver,,"1,000.00  ",148.96  
24/12/2016,Cheque Expense,,Transfer Money,,ANZ  Online Saver,,140.00  ,8.96  
27/06/2017,Journal Entry,141,,Deposit,ANZ  Online Saver,"310,000.00  ",,"310,008.96  "
30/06/2017,Journal Entry,142,,Deposit,ANZ  Online Saver,12.74  ,,"310,021.70  "
03/07/2017,Cheque Expense,,Transfer Money,,ANZ  Online Saver,,"55,000.00  ","255,021.70  "
07/07/2017,Cheque Expense,,Transfer Money,,ANZ  Online Saver,,"50,000.00  ","205,021.70  "
07/07/2017,Cheque Expense,,Transfer Money,,ANZ  Online Saver,,"50,000.00  ","155,021.70  "
13/07/2017,Cheque Expense,,Transfer Money,,ANZ  Online Saver,,"50,000.00  ","105,021.70  "
17/07/2017,Cheque Expense,,Transfer Money,,ANZ  Online Saver,,"50,000.00  ","55,021.70  "
19/07/2017,Cheque Expense,,Transfer Money,,ANZ  Online Saver,,"40,000.00  ","15,021.70  "
21/07/2017,Cheque Expense,,Transfer Money,,ANZ  Online Saver,,"15,000.00  ",21.70  
31/07/2017,Journal Entry,146,,Deposit,ANZ  Online Saver,44.94  ,,66.64  
18/08/2017,Journal Entry,156,,Deposit,ANZ  Online Saver,"150,000.00  ",,"150,066.64  "
18/08/2017,Cheque Expense,,Transfer Money,,ANZ  Online Saver,,"19,000.00  ","131,066.64  "
24/08/2017,Journal Entry,155,,,ANZ  Online Saver,,"70,100.00  ","60,966.64  "
28/08/2017,Cheque Expense,,Transfer Money,,ANZ  Online Saver,,"25,000.00  ","35,966.64  "
30/08/2017,Cheque Expense,,Transfer Money,,ANZ  Online Saver,,"2,500.00  ","33,466.64  "
30/08/2017,Cheque Expense,,Transfer Money,,ANZ  Online Saver,,"2,000.00  ","31,466.64  "
31/08/2017,Journal Entry,157,,Deposit,ANZ  Online Saver,15.53  ,,"31,482.17  "
07/09/2017,Cheque Expense,,Transfer Money,,ANZ  Online Saver,,"25,000.00  ","6,482.17  "
07/09/2017,Cheque Expense,,Transfer Money,,ANZ  Online Saver,,"1,500.00  ","4,982.17  "
14/09/2017,Journal Entry,163,,Deposit,ANZ  Online Saver,"1,300.00  ",,"6,282.17  "
25/09/2017,Cheque Expense,,Transfer Money,,ANZ  Online Saver,,"2,600.00  ","3,682.17  "
29/09/2017,Journal Entry,164,,Deposit,ANZ  Online Saver,3.96  ,,"3,686.13  "
29/09/2017,Cheque Expense,,Transfer Money,,ANZ  Online Saver,,"2,000.00  ","1,686.13  "
29/09/2017,Cheque Expense,,Transfer Money,,ANZ  Online Saver,,"1,500.00  ",186.13  
11/10/2017,Cheque Expense,,Transfer Money,,ANZ  Online Saver,,180.00  ,6.13  
13/10/2017,Journal Entry,165,,Deposit,ANZ  Online Saver,"9,500.00  ",,"9,506.13  "
31/10/2017,Journal Entry,166,,Deposit,ANZ  Online Saver,2.35  ,,"9,508.48  "
06/11/2017,Cheque Expense,,Transfer Money,,ANZ  Online Saver,,"9,500.00  ",8.48  
30/11/2017,Journal Entry,167,,Deposit,ANZ  Online Saver,0.78  ,,9.26  
22/12/2017,Journal Entry,168,,Deposit,ANZ  Online Saver,900.00  ,,909.26  
02/01/2018,Cheque Expense,,Transfer Money,,ANZ  Online Saver,,900.00  ,9.26  
08/01/2018,Journal Entry,169,,Deposit,ANZ  Online Saver,"8,000.00  ",,"8,009.26  "
08/01/2018,Journal Entry,170,,Deposit,ANZ  Online Saver,460.00  ,,"8,469.26  "
17/01/2018,Journal Entry,171,,Deposit,ANZ  Online Saver,"2,000.00  ",,"10,469.26  "
17/01/2018,Cheque Expense,,Transfer Money,,ANZ  Online Saver,,"2,000.00  ","8,469.26  "
17/01/2018,Cheque Expense,,Transfer Money,,ANZ  Online Saver,,"1,440.00  ","7,029.26  "
17/01/2018,Journal Entry,172,,Deposit,ANZ  Online Saver,"1,440.00  ",,"8,469.26  "
31/01/2018,Journal Entry,173,,Deposit,ANZ  Online Saver,2.67  ,,"8,471.93  "
08/02/2018,Cheque Expense,,Transfer Money,,ANZ  Online Saver,,"8,470.00  ",1.93  
28/02/2018,Journal Entry,174,,Deposit,ANZ  Online Saver,0.92  ,,2.85  
22/03/2018,Journal Entry,175,,Deposit,ANZ  Online Saver,450.00  ,,452.85  
26/03/2018,Cheque Expense,,Transfer Money,,ANZ  Online Saver,,450.00  ,2.85  
26/03/2018,Journal Entry,176,,Deposit,ANZ  Online Saver,"41,100.00  ",,"41,102.85  "
16/04/2018,Cheque Expense,,Transfer Money,,ANZ  Online Saver,,"1,000.00  ","40,102.85  "
19/04/2018,Cheque Expense,,Transfer Money,,ANZ  Online Saver,,"1,500.00  ","38,602.85  "
28/04/2018,Journal Entry,200,,,ANZ  Online Saver,,250.00  ,"38,352.85  "
28/04/2018,Journal Entry,89,,,ANZ  Online Saver,,730.00  ,"37,622.85  "
30/04/2018,Journal Entry,103,,Deposit,ANZ  Online Saver,15.30  ,,"37,638.15  "
07/05/2018,Cheque Expense,,Transfer Money,,ANZ  Online Saver,,"12,000.00  ","25,638.15  "
15/05/2018,Cheque Expense,,Transfer Money,,ANZ  Online Saver,,"1,000.00  ","24,638.15  "
28/05/2018,Cheque Expense,,Transfer Money,,ANZ  Online Saver,,"1,000.00  ","23,638.15  "
31/05/2018,Journal Entry,104,,Deposit,ANZ  Online Saver,9.40  ,,"23,647.55  "
07/06/2018,Cheque Expense,,Transfer Money,,ANZ  Online Saver,,"20,000.00  ","3,647.55  "
13/06/2018,Cheque Expense,,Transfer Money,,ANZ  Online Saver,,"2,500.00  ","1,147.55  "
27/06/2018,Cheque Expense,,Transfer Money,,ANZ  Online Saver,"33,900.00  ",,"35,047.55  "
27/06/2018,Journal Entry,106,,Deposit,ANZ  Online Saver,"175,000.00  ",,"210,047.55  "
28/06/2018,Journal Entry,95,,,ANZ  Online Saver,,"31,500.00  ","178,547.55  "
29/06/2018,Journal Entry,92,,Deposit,ANZ  Online Saver,6.07  ,,"178,553.62  "
04/07/2018,Journal Entry,108,,,ANZ  Online Saver,,"31,600.00  ","146,953.62  "
11/07/2018,Cheque Expense,,Transfer Money,,ANZ  Online Saver,,"2,500.00  ","144,453.62  "
23/07/2018,Journal Entry,109,,,ANZ  Online Saver,,50.00  ,"144,403.62  "
24/07/2018,Journal Entry,97,,,ANZ  Online Saver,,"32,000.00  ","112,403.62  "
31/07/2018,Journal Entry,106,,Deposit,ANZ  Online Saver,50.26  ,,"112,453.88  "
01/08/2018,Cheque Expense,,Transfer Money,Via Access Account,ANZ  Online Saver,,"1,000.00  ","111,453.88  "
09/08/2018,Cheque Expense,,Transfer Money,,ANZ  Online Saver,,"7,000.00  ","104,453.88  "
10/08/2018,Cheque Expense,,Transfer Money,,ANZ  Online Saver,,"7,000.00  ","97,453.88  "
15/08/2018,Cheque Expense,,Transfer Money,,ANZ  Online Saver,,"1,000.00  ","96,453.88  "
15/08/2018,Journal Entry,98,,Deposit,ANZ  Online Saver,"1,000.00  ",,"97,453.88  "
15/08/2018,Cheque Expense,,Transfer Money,Via Access Account,ANZ  Online Saver,,"1,000.00  ","96,453.88  "
22/08/2018,Cheque Expense,,Transfer Money,,ANZ  Online Saver,,"1,000.00  ","95,453.88  "
31/08/2018,Journal Entry,99,,Deposit,ANZ  Online Saver,34.30  ,,"95,488.18  "
11/09/2018,Cheque Expense,,Transfer Money,,ANZ  Online Saver,,"12,000.00  ","83,488.18  "
26/09/2018,Cheque Expense,,Transfer Money,Via Access Account,ANZ  Online Saver,,"1,000.00  ","82,488.18  "
28/09/2018,Journal Entry,100,,Deposit,ANZ  Online Saver,27.05  ,,"82,515.23  "
09/10/2018,Cheque Expense,,Transfer Money,,ANZ  Online Saver,,"1,200.00  ","81,315.23  "
15/10/2018,Cheque Expense,,Transfer Money,,ANZ  Online Saver,,"1,000.00  ","80,315.23  "
31/10/2018,Journal Entry,94,,Deposit,ANZ  Online Saver,29.36  ,,"80,344.59  "
15/11/2018,Cheque Expense,,Transfer Money,Via Access Account,ANZ  Online Saver,,"1,500.00  ","78,844.59  "
16/11/2018,Cheque Expense,,Transfer Money,Via Access Account,ANZ  Online Saver,,"3,000.00  ","75,844.59  "
30/11/2018,Journal Entry,101,,Deposit,ANZ  Online Saver,25.71  ,,"75,870.30  "
11/12/2018,Cheque Expense,,Transfer Money,Via Access Account,ANZ  Online Saver,,"13,500.00  ","62,370.30  "
13/12/2018,Cheque Expense,,Transfer Money,Via Access Account,ANZ  Online Saver,,"1,500.00  ","60,870.30  "
14/12/2018,Journal Entry,111,,,ANZ  Online Saver,,"35,000.00  ","25,870.30  "
17/12/2018,Cheque Expense,,Transfer Money,,ANZ  Online Saver,,"7,500.00  ","18,370.30  "
18/12/2018,Cheque Expense,,Transfer Money,,ANZ  Online Saver,"4,650.00  ",,"23,020.30  "
31/12/2018,Journal Entry,95,,Deposit,ANZ  Online Saver,15.43  ,,"23,035.73  "
02/01/2019,Cheque Expense,,Transfer Money,,ANZ  Online Saver,,"1,000.00  ","22,035.73  "
03/01/2019,Cheque Expense,,Transfer Money,,ANZ  Online Saver,,"1,000.00  ","21,035.73  "
07/01/2019,Cheque Expense,,Transfer Money,Via Access Account,ANZ  Online Saver,,"2,000.00  ","19,035.73  "
09/01/2019,Cheque Expense,,Transfer Money,,ANZ  Online Saver,,"3,900.00  ","15,135.73  "
21/01/2019,Cheque Expense,,Transfer Money,,ANZ  Online Saver,,"2,000.00  ","13,135.73  "
29/01/2019,Cheque Expense,,Transfer Money,,ANZ  Online Saver,,"7,500.00  ","5,635.73  "
31/01/2019,Journal Entry,107,,Deposit,ANZ  Online Saver,5.21  ,,"5,640.94  "
04/02/2019,Cheque Expense,,Transfer Money,,ANZ  Online Saver,,"1,500.00  ","4,140.94  "
07/02/2019,Cheque Expense,,Transfer Money,,ANZ  Online Saver,,"4,000.00  ",140.94  
13/02/2019,Cheque Expense,,Transfer Money,,ANZ  Online Saver,,140.00  ,0.94  
14/02/2019,Journal Entry,102,,Deposit,ANZ  Online Saver,"4,000.00  ",,"4,000.94  "
21/02/2019,Cheque Expense,,Transfer Money,,ANZ  Online Saver,,600.00  ,"3,400.94  "
27/02/2019,Cheque Expense,,Transfer Money,,ANZ  Online Saver,"50,000.00  ",,"53,400.94  "
28/02/2019,Journal Entry,97,,Deposit,ANZ  Online Saver,0.83  ,,"53,401.77  "
01/03/2019,Journal Entry,104,,,ANZ  Online Saver,,"30,000.00  ","23,401.77  "
08/03/2019,Cheque Expense,,Transfer Money,,ANZ  Online Saver,,"1,000.00  ","22,401.77  "
13/03/2019,Cheque Expense,,Transfer Money,,ANZ  Online Saver,,"5,500.00  ","16,901.77  "
14/03/2019,Cheque Expense,,Transfer Money,,ANZ  Online Saver,,"10,000.00  ","6,901.77  "
18/03/2019,Cheque Expense,,Transfer Money,,ANZ  Online Saver,"1,250.00  ",,"8,151.77  "
22/03/2019,Journal Entry,115,,,ANZ  Online Saver,,"5,000.00  ","3,151.77  "
25/03/2019,Journal Entry,98,,,ANZ  Online Saver,,"2,000.00  ","1,151.77  "
29/03/2019,Journal Entry,161,,Deposit,ANZ  Online Saver,4.50  ,,"1,156.27  "
01/04/2019,Journal Entry,99,,,ANZ  Online Saver,,10.00  ,"1,146.27  "
08/04/2019,Cheque Expense,,Transfer Money,,ANZ  Online Saver,720.00  ,,"1,866.27  "
08/04/2019,Cheque Expense,,Transfer Money,,ANZ  Online Saver,,800.00  ,"1,066.27  "
08/04/2019,Cheque Expense,,Transfer Money,,ANZ  Online Saver,670.00  ,,"1,736.27  "
11/04/2019,Cheque Expense,,Transfer Money,,ANZ  Online Saver,,"1,200.00  ",536.27  
15/04/2019,Cheque Expense,,Transfer Money,,ANZ  Online Saver,,500.00  ,36.27  
09/05/2019,Cheque Expense,,Transfer Money,,ANZ  Online Saver,"1,500.00  ",,"1,536.27  "
13/05/2019,Journal Entry,118,,,ANZ  Online Saver,,280.00  ,"1,256.27  "
14/05/2019,Cheque Expense,,Transfer Money,,ANZ  Online Saver,,"1,000.00  ",256.27  
17/05/2019,Cheque Expense,,Transfer Money,,ANZ  Online Saver,,250.00  ,6.27  
01/11/2019,Deposit,,,,ANZ  Online Saver,"2,600.00  ",,"2,606.27  "
11/11/2019,Expense,,,,ANZ  Online Saver,,"1,600.00  ","1,006.27  "
14/11/2019,Expense,,,,ANZ  Online Saver,,"1,000.00  ",6.27  
25/08/2020,Transfer,,,,ANZ  Online Saver,"90,000.00  ",,"90,006.27  "
31/08/2020,Deposit,,ANZ Bank,,ANZ  Online Saver,0.73  ,,"90,007.00  "
09/09/2020,Transfer,,,,ANZ  Online Saver,,"90,000.00  ",7.00  
30/09/2020,Deposit,,ANZ Bank,,ANZ  Online Saver,1.11  ,,8.11  
11/06/2021,Transfer,,,,ANZ  Online Saver,"93,700.00  ",,"93,708.11  "
25/06/2021,Transfer,,,,ANZ  Online Saver,,"50,000.00  ","43,708.11  "
28/06/2021,Transfer,,,,ANZ  Online Saver,,"38,000.00  ","5,708.11  "
30/06/2021,Journal Entry,56,,,ANZ  Online Saver,1.99  ,,"5,710.10  "
08/07/2021,Transfer,,,,ANZ  Online Saver,,500.00  ,"5,210.10  "
08/07/2021,Transfer,,,,ANZ  Online Saver,,"4,000.00  ","1,210.10  "
16/07/2021,Transfer,,,,ANZ  Online Saver,,"1,200.00  ",10.10  
30/07/2021,Deposit,,,,ANZ  Online Saver,0.06  ,,10.16  
18/10/2021,Transfer,,,,ANZ  Online Saver,"55,500.00  ",,"55,510.16  "
29/10/2021,Deposit,,ANZ Bank,,ANZ  Online Saver,0.17  ,,"55,510.33  "
22/11/2021,Transfer,,,,ANZ  Online Saver,,"2,700.00  ","52,810.33  "
25/11/2021,Transfer,,,,ANZ  Online Saver,,"50,000.00  ","2,810.33  "
29/11/2021,Transfer,,,,ANZ  Online Saver,,"2,800.00  ",10.33  
30/11/2021,Deposit,,ANZ Bank,,ANZ  Online Saver,0.41  ,,10.74  
22/12/2021,Transfer,,,,ANZ  Online Saver,"50,000.00  ",,"50,010.74  "
31/12/2021,Deposit,,ANZ Bank,,ANZ  Online Saver,0.12  ,,"50,010.86  "
31/01/2022,Deposit,,ANZ Bank,,ANZ  Online Saver,0.43  ,,"50,011.29  "
05/02/2022,Transfer,,,,ANZ  Online Saver,,"5,500.00  ","44,511.29  "
28/02/2022,Deposit,,ANZ Bank,,ANZ  Online Saver,0.35  ,,"44,511.64  "
31/03/2022,Deposit,,ANZ Bank,,ANZ  Online Saver,0.38  ,,"44,512.02  "
29/04/2022,Deposit,,ANZ Bank,,ANZ  Online Saver,0.35  ,,"44,512.37  "
02/05/2022,Transfer,,,,ANZ  Online Saver,,"44,500.00  ",12.37  
31/05/2022,Deposit,,ANZ Bank,,ANZ  Online Saver,0.04  ,,12.41  
29/05/2023,Transfer,,,,ANZ  Online Saver,"6,900.00  ",,"6,912.41  "
31/05/2023,Deposit,,ANZ Bank,,ANZ  Online Saver,0.51  ,,"6,912.92  "
21/06/2023,Transfer,,,,ANZ  Online Saver,,"3,000.00  ","3,912.92  "
30/06/2023,Deposit,,ANZ Bank,,ANZ  Online Saver,5.37  ,,"3,918.29  "
12/08/2023,Transfer,,,,ANZ  Online Saver,,"1,485.50  ","2,432.79  "
22/08/2023,Transfer,,,,ANZ  Online Saver,,400.00  ,"2,032.79  "
08/11/2023,Transfer,,,,ANZ  Online Saver,,32.00  ,"2,000.79  "
08/11/2023,Transfer,,,,ANZ  Online Saver,,"2,000.00  ",0.79  
05/04/2024,Transfer,,,,ANZ  Online Saver,,"20,000.00  ","-19,999.21  "
05/04/2024,Transfer,,,,ANZ  Online Saver,,"30,000.00  ","-49,999.21  "
05/04/2024,Transfer,,,,ANZ  Online Saver,,"20,000.00  ","-69,999.21  "
05/04/2024,Transfer,,,,ANZ  Online Saver,"71,000.00  ",,"1,000.79  "
05/04/2024,Transfer,,,,ANZ  Online Saver,,100.00  ,900.79  
08/05/2024,Transfer,,,,ANZ  Online Saver,,900.00  ,0.79  
28/05/2024,Transfer,,,,ANZ  Online Saver,"9,176.00  ",,"9,176.79  "
29/05/2024,Transfer,,,,ANZ  Online Saver,,"1,070.00  ","8,106.79  "
31/05/2024,Deposit,,ANZ Bank,,ANZ  Online Saver,0.86  ,,"8,107.65  "
26/06/2024,Transfer,,,,ANZ  Online Saver,"6,400.00  ",,"14,507.65  "
28/06/2024,Transfer,,,,ANZ  Online Saver,"25,000.00  ",,"39,507.65  "
28/06/2024,Deposit,,ANZ Bank,,ANZ  Online Saver,8.19  ,,"39,515.84  "
01/07/2024,Transfer,,,,ANZ  Online Saver,,"31,300.00  ","8,215.84  "
01/07/2024,Transfer,,,,ANZ  Online Saver,,"8,200.00  ",15.84  
31/07/2024,Deposit,,ANZ Bank,,ANZ  Online Saver,4.05  ,,19.89  
26/08/2024,Deposit,,,,ANZ  Online Saver,"92,600.00  ",,"92,619.89  "
30/08/2024,Deposit,,ANZ Bank,,ANZ  Online Saver,12.66  ,,"92,632.55  "
10/09/2024,Transfer,,,,ANZ  Online Saver,,"5,000.00  ","87,632.55  "
30/09/2024,Deposit,,ANZ Bank,,ANZ  Online Saver,94.65  ,,"87,727.20  "
03/10/2024,Transfer,,,,ANZ  Online Saver,,"10,000.00  ","77,727.20  "
07/10/2024,Transfer,,,,ANZ  Online Saver,,"2,000.00  ","75,727.20  "
07/10/2024,Transfer,,,,ANZ  Online Saver,,600.00  ,"75,127.20  "
08/10/2024,Transfer,,,,ANZ  Online Saver,,"6,000.00  ","69,127.20  "
10/10/2024,Transfer,,,,ANZ  Online Saver,,"9,000.00  ","60,127.20  "
29/10/2024,Transfer,,,,ANZ  Online Saver,,"9,000.00  ","51,127.20  "
29/10/2024,Deposit,,,,ANZ  Online Saver,"13,600.00  ",,"64,727.20  "
30/10/2024,Transfer,,,,ANZ  Online Saver,,"9,000.00  ","55,727.20  "
31/10/2024,Deposit,,ANZ Bank,,ANZ  Online Saver,66.20  ,,"55,793.40  "
06/11/2024,Transfer,,,,ANZ  Online Saver,,900.00  ,"54,893.40  "
06/11/2024,Transfer,,,,ANZ  Online Saver,,300.00  ,"54,593.40  "
06/11/2024,Transfer,,,,ANZ  Online Saver,,"13,100.00  ","41,493.40  "
06/11/2024,Transfer,,,,ANZ  Online Saver,,"1,200.00  ","40,293.40  "
28/11/2024,Transfer,,,,ANZ  Online Saver,,"2,000.00  ","38,293.40  "
29/11/2024,Deposit,,ANZ Bank,,ANZ  Online Saver,39.58  ,,"38,332.98  "
13/12/2024,Transfer,,,,ANZ  Online Saver,"10,000.00  ",,"48,332.98  "
16/12/2024,Transfer,,,,ANZ  Online Saver,"19,900.00  ",,"68,232.98  "
18/12/2024,Transfer,,,,ANZ  Online Saver,"20,000.00  ",,"88,232.98  "
31/12/2024,Deposit,,ANZ Bank,,ANZ  Online Saver,61.74  ,,"88,294.72  "
02/01/2025,Transfer,,,,ANZ  Online Saver,"10,000.00  ",,"98,294.72  "
09/01/2025,Transfer,,,,ANZ  Online Saver,,"20,500.00  ","77,794.72  "
29/01/2025,Transfer,,,,ANZ  Online Saver,,"1,000.00  ","76,794.72  "
31/01/2025,Deposit,,ANZ Bank,,ANZ  Online Saver,81.41  ,,"76,876.13  "
03/02/2025,Transfer,,,,ANZ  Online Saver,,"2,000.00  ","74,876.13  "
10/02/2025,Transfer,,,,ANZ  Online Saver,,"3,300.00  ","71,576.13  "
24/02/2025,Transfer,,,,ANZ  Online Saver,,"50,000.00  ","21,576.13  "
25/02/2025,Transfer,,,,ANZ  Online Saver,,"15,000.00  ","6,576.13  "
28/02/2025,Journal Entry,161,,,ANZ  Online Saver,56.43  ,,"6,632.56  "
17/03/2025,Transfer,,,null,ANZ  Online Saver,,300.00  ,"6,332.56  "
31/03/2025,Transfer,,,,ANZ  Online Saver,,"3,100.00  ","3,232.56  "
31/03/2025,Transfer,,,null,ANZ  Online Saver,,200.00  ,"3,032.56  "
31/03/2025,Deposit,,ANZ Bank,,ANZ  Online Saver,6.33  ,,"3,038.89  "
23/04/2025,Transfer,,,null,ANZ  Online Saver,"98,800.00  ",,"101,838.89  "
30/04/2025,Deposit,,ANZ Bank,,ANZ  Online Saver,9.77  ,,"101,848.66  "
08/05/2025,Transfer,,,null,ANZ  Online Saver,"100,000.00  ",,"201,848.66  "
12/05/2025,Transfer,,,,ANZ  Online Saver,,"200,000.00  ","1,848.66  "
12/05/2025,Deposit,,,,ANZ  Online Saver,"150,000.00  ",,"151,848.66  "
12/05/2025,Transfer,,,null,ANZ  Online Saver,"6,000.00  ",,"157,848.66  "
13/05/2025,Transfer,,,,ANZ  Online Saver,,"50,000.00  ","107,848.66  "
14/05/2025,Transfer,,,,ANZ  Online Saver,,"50,000.00  ","57,848.66  "
16/05/2025,Transfer,,,,ANZ  Online Saver,,"50,000.00  ","7,848.66  "
30/05/2025,Deposit,,ANZ Bank,,ANZ  Online Saver,28.20  ,,"7,876.86  "
30/06/2025,Deposit,,ANZ Bank,,ANZ  Online Saver,0.89  ,,"7,877.75  "
21/07/2025,Transfer,,,,ANZ  Online Saver,,650.00  ,"7,227.75  "
31/07/2025,Deposit,,ANZ Bank,,ANZ  Online Saver,0.65  ,,"7,228.40  "
15/08/2025,Transfer,,,,ANZ  Online Saver,,"1,300.00  ","5,928.40  "
15/08/2025,Transfer,,,,ANZ  Online Saver,,"2,560.00  ","3,368.40  "
28/08/2025,Transfer,,,,ANZ  Online Saver,,300.00  ,"3,068.40  "
29/08/2025,Deposit,,ANZ Bank,,ANZ  Online Saver,0.30  ,,"3,068.70  "
,,,,,,"A$4,679,038.60  ","A$4,675,969.90  ",
,,,,,,,,
06/08/2010,Journal Entry,41,,Deposit,ANZ Cash Management,"5,010.00  ",,"5,010.00  "
06/08/2010,Cheque Expense,,ANZ Bank,,ANZ Cash Management,,2.50  ,"5,007.50  "
16/08/2010,Journal Entry,42,,Deposit,ANZ Cash Management,"16,000.00  ",,"21,007.50  "
17/08/2010,Cheque Expense,,Transfer Money,,ANZ Cash Management,94.56  ,,"21,102.06  "
08/09/2010,Journal Entry,44,,Deposit,ANZ Cash Management,7.48  ,,"21,109.54  "
20/09/2010,Journal Entry,52,,Deposit,ANZ Cash Management,"25,000.00  ",,"46,109.54  "
27/09/2010,Journal Entry,49,,,ANZ Cash Management,,"55,000.00  ","-8,890.46  "
27/09/2010,Journal Entry,34,,,ANZ Cash Management,"16,750.05  ",,"7,859.59  "
08/10/2010,Journal Entry,53,,Deposit,ANZ Cash Management,14.52  ,,"7,874.11  "
18/10/2010,Journal Entry,55,,Deposit,ANZ Cash Management,"18,000.00  ",,"25,874.11  "
28/10/2010,Cheque Expense,,Australian Taxation Office,,ANZ Cash Management,,200.00  ,"25,674.11  "
08/11/2010,Journal Entry,54,,Deposit,ANZ Cash Management,8.99  ,,"25,683.10  "
14/11/2010,Journal Entry,36,,,ANZ Cash Management,"5,000.00  ",,"30,683.10  "
15/11/2010,Cheque Expense,,Transfer Money,,ANZ Cash Management,,"25,000.00  ","5,683.10  "
23/11/2010,Journal Entry,58,,Deposit,ANZ Cash Management,"3,992.30  ",,"9,675.40  "
08/12/2010,Journal Entry,56,,Deposit,ANZ Cash Management,5.14  ,,"9,680.54  "
07/01/2011,Journal Entry,57,,Deposit,ANZ Cash Management,3.98  ,,"9,684.52  "
08/02/2011,Journal Entry,59,,Deposit,ANZ Cash Management,4.24  ,,"9,688.76  "
08/03/2011,Journal Entry,60,,Deposit,ANZ Cash Management,3.72  ,,"9,692.48  "
20/03/2011,Cheque Expense,,Australian Taxation Office,,ANZ Cash Management,,639.00  ,"9,053.48  "
08/04/2011,Journal Entry,70,,Deposit,ANZ Cash Management,3.95  ,,"9,057.43  "
30/04/2011,Cheque Expense,,Australian Taxation Office,,ANZ Cash Management,,554.00  ,"8,503.43  "
06/05/2011,Journal Entry,71,,Deposit,ANZ Cash Management,3.20  ,,"8,506.63  "
14/05/2011,Journal Entry,38,,,ANZ Cash Management,"20,000.00  ",,"28,506.63  "
24/05/2011,Cheque Expense,,ASIC,,ANZ Cash Management,,218.00  ,"28,288.63  "
30/05/2011,Journal Entry,40,,,ANZ Cash Management,"40,000.00  ",,"68,288.63  "
30/05/2011,Cheque Expense,,Transfer Money,,ANZ Cash Management,,"60,000.00  ","8,288.63  "
08/06/2011,Journal Entry,43,,Deposit,ANZ Cash Management,6.70  ,,"8,295.33  "
28/06/2011,Journal Entry,42,,,ANZ Cash Management,"180,000.00  ",,"188,295.33  "
01/07/2011,Cheque Expense,,Transfer Money,,ANZ Cash Management,"75,000.00  ",,"263,295.33  "
03/07/2011,Cheque Expense,,Transfer Money,,ANZ Cash Management,,"257,254.31  ","6,041.02  "
08/07/2011,Journal Entry,45,,Deposit,ANZ Cash Management,38.99  ,,"6,080.01  "
14/07/2011,Journal Entry,46,,Deposit,ANZ Cash Management,"10,195.75  ",,"16,275.76  "
29/07/2011,Cheque Expense,,Payment on behalf of GA/JF McLaren,,ANZ Cash Management,,"2,892.65  ","13,383.11  "
08/08/2011,Journal Entry,48,,Deposit,ANZ Cash Management,2.83  ,,"13,385.94  "
08/08/2011,Journal Entry,47,,Deposit,ANZ Cash Management,"32,007.97  ",,"45,393.91  "
09/08/2011,Cheque Expense,,Transfer Money,,ANZ Cash Management,,"35,000.00  ","10,393.91  "
10/08/2011,Cheque Expense,,Transfer Money,,ANZ Cash Management,,"10,000.00  ",393.91  
08/09/2011,Journal Entry,49,,Deposit,ANZ Cash Management,0.39  ,,394.30  
08/09/2011,Cheque Expense,,ANZ Bank,,ANZ Cash Management,,2.50  ,391.80  
25/09/2011,Journal Entry,51,,Deposit,ANZ Cash Management,"5,000.00  ",,"5,391.80  "
25/09/2011,Cheque Expense,,Australian Taxation Office,,ANZ Cash Management,,"4,769.00  ",622.80  
03/10/2011,Journal Entry,54,,Deposit,ANZ Cash Management,"30,000.00  ",,"30,622.80  "
07/10/2011,Cheque Expense,,ANZ Bank,,ANZ Cash Management,,2.50  ,"30,620.30  "
07/10/2011,Journal Entry,56,,Deposit,ANZ Cash Management,0.84  ,,"30,621.14  "
18/10/2011,Cheque Expense,,Payment on behalf of GA/JF McLaren,,ANZ Cash Management,,"5,824.80  ","24,796.34  "
18/10/2011,Cheque Expense,,Payment on behalf of GA/JF McLaren,,ANZ Cash Management,,"10,000.00  ","14,796.34  "
20/10/2011,Journal Entry,55,,Deposit,ANZ Cash Management,"50,000.00  ",,"64,796.34  "
23/10/2011,Journal Entry,47,,,ANZ Cash Management,,"60,000.00  ","4,796.34  "
28/10/2011,Cheque Expense,,Australian Taxation Office,,ANZ Cash Management,,643.00  ,"4,153.34  "
30/10/2011,Journal Entry,47,,,ANZ Cash Management,,220.20  ,"3,933.14  "
08/11/2011,Journal Entry,46,,Deposit,ANZ Cash Management,8.02  ,,"3,941.16  "
08/11/2011,Cheque Expense,,ANZ Bank,,ANZ Cash Management,,2.50  ,"3,938.66  "
06/12/2011,Journal Entry,52,,Deposit,ANZ Cash Management,0.32  ,,"3,938.98  "
06/12/2011,Cheque Expense,,ANZ Bank,,ANZ Cash Management,,2.50  ,"3,936.48  "
06/01/2012,Journal Entry,51,,Deposit,ANZ Cash Management,0.31  ,,"3,936.79  "
06/01/2012,Cheque Expense,,ANZ Bank,,ANZ Cash Management,,2.50  ,"3,934.29  "
08/02/2012,Cheque Expense,,ANZ Bank,,ANZ Cash Management,,2.50  ,"3,931.79  "
08/02/2012,Journal Entry,60,,Deposit,ANZ Cash Management,0.36  ,,"3,932.15  "
28/02/2012,Cheque Expense,,Australian Taxation Office,,ANZ Cash Management,,419.00  ,"3,513.15  "
08/03/2012,Journal Entry,62,,Deposit,ANZ Cash Management,0.30  ,,"3,513.45  "
08/03/2012,Cheque Expense,,ANZ Bank,,ANZ Cash Management,,2.50  ,"3,510.95  "
05/04/2012,Journal Entry,71,,Deposit,ANZ Cash Management,0.27  ,,"3,511.22  "
05/04/2012,Cheque Expense,,ANZ Bank,,ANZ Cash Management,,2.50  ,"3,508.72  "
30/04/2012,Cheque Expense,1,Australian Taxation Office,,ANZ Cash Management,,408.00  ,"3,100.72  "
08/05/2012,Journal Entry,52,,Deposit,ANZ Cash Management,0.31  ,,"3,101.03  "
08/05/2012,Cheque Expense,,ANZ Bank,,ANZ Cash Management,,2.50  ,"3,098.53  "
08/06/2012,Journal Entry,53,,Deposit,ANZ Cash Management,0.26  ,,"3,098.79  "
08/06/2012,Cheque Expense,,ANZ Bank,,ANZ Cash Management,,2.50  ,"3,096.29  "
23/06/2012,Cheque Expense,,ASIC,,ANZ Cash Management,,226.50  ,"2,869.79  "
05/07/2012,Cheque Expense,,ASIC,,ANZ Cash Management,,69.00  ,"2,800.79  "
06/07/2012,Cheque Expense,,ANZ Bank,,ANZ Cash Management,,2.50  ,"2,798.29  "
06/07/2012,Journal Entry,59,,Deposit,ANZ Cash Management,0.23  ,,"2,798.52  "
27/07/2012,Journal Entry,62,,Deposit,ANZ Cash Management,"3,000.00  ",,"5,798.52  "
27/07/2012,Cheque Expense,,Australian Taxation Office,,ANZ Cash Management,,"3,602.00  ","2,196.52  "
08/08/2012,Journal Entry,67,,Deposit,ANZ Cash Management,0.23  ,,"2,196.75  "
08/08/2012,Cheque Expense,,ANZ Bank,,ANZ Cash Management,,2.50  ,"2,194.25  "
07/09/2012,Journal Entry,68,,Deposit,ANZ Cash Management,0.18  ,,"2,194.43  "
07/09/2012,Cheque Expense,,ANZ Bank,,ANZ Cash Management,,2.50  ,"2,191.93  "
17/09/2012,Cheque Expense,,Transfer Money,,ANZ Cash Management,"70,000.00  ",,"72,191.93  "
24/09/2012,Journal Entry,70,,,ANZ Cash Management,,"70,000.00  ","2,191.93  "
08/10/2012,Journal Entry,76,,Deposit,ANZ Cash Management,4.10  ,,"2,196.03  "
08/10/2012,Cheque Expense,,ANZ Bank,,ANZ Cash Management,,2.50  ,"2,193.53  "
29/10/2012,Cheque Expense,,Australian Taxation Office,,ANZ Cash Management,,190.00  ,"2,003.53  "
08/11/2012,Cheque Expense,,ANZ Bank,,ANZ Cash Management,,2.50  ,"2,001.03  "
08/11/2012,Journal Entry,58,,Deposit,ANZ Cash Management,0.18  ,,"2,001.21  "
07/12/2012,Cheque Expense,,ANZ Bank,,ANZ Cash Management,,2.50  ,"1,998.71  "
07/12/2012,Journal Entry,65,,Deposit,ANZ Cash Management,0.16  ,,"1,998.87  "
02/01/2013,Cheque Expense,,Transfer Money,,ANZ Cash Management,"15,000.00  ",,"16,998.87  "
03/01/2013,Journal Entry,59,,Deposit,ANZ Cash Management,"20,000.00  ",,"36,998.87  "
03/01/2013,Cheque Expense,,Transfer Money,,ANZ Cash Management,,"16,500.00  ","20,498.87  "
03/01/2013,Journal Entry,67,,Deposit,ANZ Cash Management,"30,000.00  ",,"50,498.87  "
04/01/2013,Cheque Expense,,Transfer Money,,ANZ Cash Management,,"30,000.00  ","20,498.87  "
04/01/2013,Cheque Expense,,Transfer Money,,ANZ Cash Management,,"20,000.00  ",498.87  
08/01/2013,Journal Entry,73,,Deposit,ANZ Cash Management,0.18  ,,499.05  
08/01/2013,Cheque Expense,,ANZ Bank,,ANZ Cash Management,,2.50  ,496.55  
22/01/2013,Cheque Expense,,Australian Taxation Office,,ANZ Cash Management,,962.00  ,-465.45  
22/01/2013,Journal Entry,60,,Deposit,ANZ Cash Management,"1,000.00  ",,534.55  
08/02/2013,Cheque Expense,,ANZ Bank,,ANZ Cash Management,,2.50  ,532.05  
08/03/2013,Cheque Expense,,ANZ Bank,,ANZ Cash Management,,2.50  ,529.55  
08/04/2013,Cheque Expense,,ANZ Bank,,ANZ Cash Management,,2.50  ,527.05  
28/04/2013,Cheque Expense,,Transfer Money,,ANZ Cash Management,100.00  ,,627.05  
28/04/2013,Cheque Expense,,Australian Taxation Office,,ANZ Cash Management,,51.00  ,576.05  
08/05/2013,Cheque Expense,2,ANZ Bank,,ANZ Cash Management,,2.50  ,573.55  
09/05/2013,Journal Entry,76,,,ANZ Cash Management,,"55,000.00  ","-54,426.45  "
09/05/2013,Journal Entry,77,,Deposit,ANZ Cash Management,"55,000.00  ",,573.55  
23/05/2013,Cheque Expense,,ASIC,,ANZ Cash Management,,230.00  ,343.55  
08/06/2013,Cheque Expense,3,ANZ Bank,,ANZ Cash Management,,2.50  ,341.05  
08/07/2013,Cheque Expense,4,ANZ Bank,,ANZ Cash Management,,2.50  ,338.55  
04/08/2013,Cheque Expense,,Australian Taxation Office,,ANZ Cash Management,,"1,140.00  ",-801.45  
04/08/2013,Journal Entry,65,,Deposit,ANZ Cash Management,"1,000.00  ",,198.55  
08/08/2013,Cheque Expense,5,ANZ Bank,,ANZ Cash Management,,2.50  ,196.05  
08/09/2013,Cheque Expense,6,ANZ Bank,,ANZ Cash Management,,2.50  ,193.55  
08/10/2013,Cheque Expense,7,ANZ Bank,,ANZ Cash Management,,2.50  ,191.05  
20/10/2013,Cheque Expense,8,Australian Taxation Office,,ANZ Cash Management,,345.00  ,-153.95  
20/10/2013,Cheque Expense,,Transfer Money,,ANZ Cash Management,500.00  ,,346.05  
08/11/2013,Cheque Expense,9,ANZ Bank,,ANZ Cash Management,,2.50  ,343.55  
08/12/2013,Cheque Expense,10,ANZ Bank,,ANZ Cash Management,,2.50  ,341.05  
16/12/2013,Cheque Expense,,Transfer Money,,ANZ Cash Management,,"80,000.00  ","-79,658.95  "
16/12/2013,Cheque Expense,,Transfer Money,,ANZ Cash Management,"80,000.00  ",,341.05  
08/01/2014,Cheque Expense,11,ANZ Bank,,ANZ Cash Management,,2.50  ,338.55  
08/01/2014,Journal Entry,69,,Deposit,ANZ Cash Management,0.22  ,,338.77  
29/01/2014,Cheque Expense,,Australian Taxation Office,,ANZ Cash Management,,75.10  ,263.67  
08/02/2014,Cheque Expense,12,ANZ Bank,,ANZ Cash Management,,2.50  ,261.17  
08/03/2014,Cheque Expense,13,ANZ Bank,,ANZ Cash Management,,2.50  ,258.67  
11/03/2014,Journal Entry,79,,Deposit,ANZ Cash Management,"50,000.00  ",,"50,258.67  "
11/03/2014,Cheque Expense,,Transfer Money,,ANZ Cash Management,,"50,000.00  ",258.67  
08/04/2014,Cheque Expense,14,ANZ Bank,,ANZ Cash Management,,2.50  ,256.17  
26/04/2014,Cheque Expense,,Australian Taxation Office,,ANZ Cash Management,,935.00  ,-678.83  
26/04/2014,Journal Entry,87,,Deposit,ANZ Cash Management,"2,000.00  ",,"1,321.17  "
26/04/2014,Cheque Expense,,Transfer Money,,ANZ Cash Management,,800.00  ,521.17  
26/04/2014,Cheque Expense,,Australian Taxation Office,,ANZ Cash Management,,310.00  ,211.17  
08/05/2014,Cheque Expense,15,ANZ Bank,,ANZ Cash Management,,2.50  ,208.67  
11/05/2014,Journal Entry,88,,Deposit,ANZ Cash Management,250.00  ,,458.67  
23/05/2014,Cheque Expense,,ASIC,,ANZ Cash Management,,236.00  ,222.67  
08/06/2014,Cheque Expense,16,ANZ Bank,,ANZ Cash Management,,2.50  ,220.17  
23/06/2014,Cheque Expense,,Transfer Money,,ANZ Cash Management,,"200,000.00  ","-199,779.83  "
23/06/2014,Cheque Expense,,Transfer Money,,ANZ Cash Management,"200,000.00  ",,220.17  
23/06/2014,Cheque Expense,,Transfer Money,,ANZ Cash Management,"200,000.00  ",,"200,220.17  "
23/06/2014,Cheque Expense,,Transfer Money,,ANZ Cash Management,,"200,000.00  ",220.17  
08/07/2014,Journal Entry,97,,Deposit,ANZ Cash Management,0.55  ,,220.72  
08/07/2014,Cheque Expense,17,ANZ Bank,,ANZ Cash Management,,2.50  ,218.22  
28/07/2014,Cheque Expense,,Australian Taxation Office,,ANZ Cash Management,,"1,481.00  ","-1,262.78  "
28/07/2014,Journal Entry,99,,Deposit,ANZ Cash Management,"1,127.71  ",,-135.07  
28/07/2014,Journal Entry,101,,Deposit,ANZ Cash Management,150.00  ,,14.93  
08/08/2014,Cheque Expense,18,ANZ Bank,,ANZ Cash Management,,2.50  ,12.43  
25/08/2014,Cheque Expense,,Transfer Money,,ANZ Cash Management,"12,378.67  ",,"12,391.10  "
26/08/2014,Cheque Expense,,Transfer Money,,ANZ Cash Management,,"12,390.00  ",1.10  
01/09/2014,Cheque Expense,,Transfer Money,,ANZ Cash Management,"78,099.51  ",,"78,100.61  "
01/09/2014,Cheque Expense,,Transfer Money,,ANZ Cash Management,,"78,100.61  ",0.00  
08/09/2014,Journal Entry,108,,Deposit,ANZ Cash Management,0.04  ,,0.04  
08/09/2014,Cheque Expense,19,ANZ Bank,,ANZ Cash Management,,2.50  ,-2.46  
08/09/2014,Cheque Expense,,Transfer Money,,ANZ Cash Management,"59,000.00  ",,"58,997.54  "
12/09/2014,Cheque Expense,,Transfer Money,,ANZ Cash Management,,"31,000.00  ","27,997.54  "
17/09/2014,Cheque Expense,,Transfer Money,,ANZ Cash Management,,"27,000.00  ",997.54  
08/10/2014,Journal Entry,109,,Deposit,ANZ Cash Management,0.86  ,,998.40  
08/10/2014,Cheque Expense,20,ANZ Bank,,ANZ Cash Management,,2.50  ,995.90  
29/10/2014,Cheque Expense,,Australian Taxation Office,,ANZ Cash Management,,617.00  ,378.90  
08/11/2014,Cheque Expense,21,ANZ Bank,,ANZ Cash Management,,2.50  ,376.40  
08/12/2014,Cheque Expense,22,ANZ Bank,,ANZ Cash Management,,2.50  ,373.90  
11/12/2014,Journal Entry,117,,Deposit,ANZ Cash Management,"562,427.47  ",,"562,801.37  "
11/12/2014,Cheque Expense,,Transfer Money,,ANZ Cash Management,,"562,000.00  ",801.37  
08/01/2015,Cheque Expense,23,ANZ Bank,,ANZ Cash Management,,2.50  ,798.87  
31/01/2015,Cheque Expense,,Transfer Money,,ANZ Cash Management,,"124,000.00  ","-123,201.13  "
31/01/2015,Cheque Expense,,Transfer Money,,ANZ Cash Management,,"225,000.00  ","-348,201.13  "
31/01/2015,Journal Entry,122,,Deposit,ANZ Cash Management,"348,321.47  ",,120.34  
06/02/2015,Journal Entry,123,,Deposit,ANZ Cash Management,1.24  ,,121.58  
08/02/2015,Cheque Expense,24,ANZ Bank,,ANZ Cash Management,,2.50  ,119.08  
03/03/2015,Journal Entry,124,,Deposit,ANZ Cash Management,"1,000.00  ",,"1,119.08  "
03/03/2015,Cheque Expense,,Australian Taxation Office,,ANZ Cash Management,,617.00  ,502.08  
08/03/2015,Cheque Expense,25,ANZ Bank,,ANZ Cash Management,,2.50  ,499.58  
08/04/2015,Cheque Expense,26,ANZ Bank,,ANZ Cash Management,,2.50  ,497.08  
27/04/2015,Journal Entry,128,,Deposit,ANZ Cash Management,"1,000.00  ",,"1,497.08  "
27/04/2015,Cheque Expense,,Australian Taxation Office,,ANZ Cash Management,,"1,177.00  ",320.08  
08/05/2015,Cheque Expense,27,ANZ Bank,,ANZ Cash Management,,2.50  ,317.58  
22/05/2015,Cheque Expense,,ASIC,,ANZ Cash Management,,243.00  ,74.58  
08/06/2015,Cheque Expense,28,ANZ Bank,,ANZ Cash Management,,2.50  ,72.08  
08/07/2015,Cheque Expense,29,ANZ Bank,,ANZ Cash Management,,2.50  ,69.58  
08/08/2015,Cheque Expense,30,ANZ Bank,,ANZ Cash Management,,2.50  ,67.08  
08/09/2015,Cheque Expense,31,ANZ Bank,,ANZ Cash Management,,2.50  ,64.58  
21/09/2015,Journal Entry,70,,Deposit,ANZ Cash Management,800.00  ,,864.58  
27/09/2015,Cheque Expense,,Australian Taxation Office,,ANZ Cash Management,,21.40  ,843.18  
27/09/2015,Journal Entry,69,,Deposit,ANZ Cash Management,"1,000.00  ",,"1,843.18  "
28/09/2015,Cheque Expense,,Australian Taxation Office,,ANZ Cash Management,,804.00  ,"1,039.18  "
08/10/2015,Cheque Expense,32,ANZ Bank,,ANZ Cash Management,,2.50  ,"1,036.68  "
27/10/2015,Cheque Expense,,Australian Taxation Office,,ANZ Cash Management,,756.00  ,280.68  
08/11/2015,Cheque Expense,33,ANZ Bank,,ANZ Cash Management,,2.50  ,278.18  
08/12/2015,Cheque Expense,34,ANZ Bank,,ANZ Cash Management,,2.50  ,275.68  
29/12/2015,Journal Entry,81,,Deposit,ANZ Cash Management,"49,985.00  ",,"50,260.68  "
30/12/2015,Cheque Expense,,Transfer Money,,ANZ Cash Management,,"49,000.00  ","1,260.68  "
31/12/2015,Journal Entry,82,,Deposit,ANZ Cash Management,"49,345.14  ",,"50,605.82  "
06/01/2016,Cheque Expense,,Transfer Money,,ANZ Cash Management,,"50,000.00  ",605.82  
08/01/2016,Journal Entry,83,,Deposit,ANZ Cash Management,0.97  ,,606.79  
08/01/2016,Cheque Expense,35,ANZ Bank,,ANZ Cash Management,,2.50  ,604.29  
08/02/2016,Cheque Expense,36,ANZ Bank,,ANZ Cash Management,,2.50  ,601.79  
19/02/2016,Cheque Expense,,Transfer Money,,ANZ Cash Management,250.00  ,,851.79  
26/02/2016,Cheque Expense,,Australian Taxation Office,,ANZ Cash Management,,756.00  ,95.79  
08/03/2016,Cheque Expense,37,ANZ Bank,,ANZ Cash Management,,2.50  ,93.29  
08/04/2016,Cheque Expense,38,ANZ Bank,,ANZ Cash Management,,2.50  ,90.79  
10/04/2016,Cheque Expense,,Transfer Money,,ANZ Cash Management,250.00  ,,340.79  
10/04/2016,Cheque Expense,,ASIC,,ANZ Cash Management,,246.00  ,94.79  
11/04/2016,Journal Entry,88,,Deposit,ANZ Cash Management,"1,000.00  ",,"1,094.79  "
15/04/2016,Cheque Expense,,Australian Taxation Office,,ANZ Cash Management,,756.00  ,338.79  
08/05/2016,Cheque Expense,39,ANZ Bank,,ANZ Cash Management,,2.50  ,336.29  
27/05/2016,Journal Entry,89,,Deposit,ANZ Cash Management,147.41  ,,483.70  
08/06/2016,Cheque Expense,40,ANZ Bank,,ANZ Cash Management,,2.50  ,481.20  
06/07/2016,Cheque Expense,,Transfer Money,,ANZ Cash Management,"17,000.00  ",,"17,481.20  "
08/07/2016,Cheque Expense,,ANZ Bank,,ANZ Cash Management,,2.50  ,"17,478.70  "
09/07/2016,Cheque Expense,,Transfer Money,,ANZ Cash Management,,"17,000.00  ",478.70  
02/08/2016,Cheque Expense,,Australian Taxation Office,,ANZ Cash Management,,732.00  ,-253.30  
02/08/2016,Journal Entry,96,,Deposit,ANZ Cash Management,400.00  ,,146.70  
08/08/2016,Cheque Expense,42,ANZ Bank,,ANZ Cash Management,,2.50  ,144.20  
09/08/2016,Cheque Expense,,Transfer Money,,ANZ Cash Management,"14,000.00  ",,"14,144.20  "
09/08/2016,Cheque Expense,,Transfer Money,,ANZ Cash Management,,"14,000.00  ",144.20  
15/08/2016,Journal Entry,98,,Deposit,ANZ Cash Management,"10,000.00  ",,"10,144.20  "
15/08/2016,Cheque Expense,,Transfer Money,,ANZ Cash Management,,"3,000.00  ","7,144.20  "
17/08/2016,Journal Entry,99,,Deposit,ANZ Cash Management,"50,000.00  ",,"57,144.20  "
17/08/2016,Cheque Expense,,Transfer Money,,ANZ Cash Management,,"30,000.00  ","27,144.20  "
22/08/2016,Cheque Expense,,Transfer Money,,ANZ Cash Management,,"27,000.00  ",144.20  
08/09/2016,Cheque Expense,43,ANZ Bank,,ANZ Cash Management,,2.50  ,141.70  
08/09/2016,Journal Entry,100,,Deposit,ANZ Cash Management,0.42  ,,142.12  
15/09/2016,Journal Entry,101,,Deposit,ANZ Cash Management,"30,000.00  ",,"30,142.12  "
16/09/2016,Cheque Expense,,Transfer Money,,ANZ Cash Management,,"30,000.00  ",142.12  
07/10/2016,Journal Entry,102,,Deposit,ANZ Cash Management,0.08  ,,142.20  
08/10/2016,Cheque Expense,44,ANZ Bank,,ANZ Cash Management,,2.50  ,139.70  
29/10/2016,Journal Entry,66,,,ANZ Cash Management,"1,000.00  ",,"1,139.70  "
29/10/2016,Cheque Expense,,Australian Taxation Office,,ANZ Cash Management,,743.00  ,396.70  
08/11/2016,Cheque Expense,45,ANZ Bank,,ANZ Cash Management,,2.50  ,394.20  
11/11/2016,Cheque Expense,,Transfer Money,,ANZ Cash Management,"6,000.00  ",,"6,394.20  "
11/11/2016,Journal Entry,111,,Deposit,ANZ Cash Management,"1,098.00  ",,"7,492.20  "
11/11/2016,Journal Entry,108,,,ANZ Cash Management,,"3,000.00  ","4,492.20  "
11/11/2016,Journal Entry,110,,Deposit,ANZ Cash Management,"1,519.00  ",,"6,011.20  "
14/11/2016,Cheque Expense,,Transfer Money,,ANZ Cash Management,,"3,000.00  ","3,011.20  "
18/11/2016,Cheque Expense,,Transfer Money,,ANZ Cash Management,,"3,000.00  ",11.20  
05/12/2016,Cheque Expense,,Transfer Money,,ANZ Cash Management,,"50,000.00  ","-49,988.80  "
05/12/2016,Cheque Expense,,Transfer Money,,ANZ Cash Management,"50,000.00  ",,11.20  
06/12/2016,Cheque Expense,,Transfer Money,,ANZ Cash Management,,"50,000.00  ","-49,988.80  "
06/12/2016,Cheque Expense,,Transfer Money,,ANZ Cash Management,"50,000.00  ",,11.20  
08/12/2016,Journal Entry,112,,Deposit,ANZ Cash Management,0.32  ,,11.52  
08/12/2016,Cheque Expense,46,ANZ Bank,,ANZ Cash Management,,2.50  ,9.02  
22/12/2016,Cheque Expense,,Transfer Money,,ANZ Cash Management,,"2,000.00  ","-1,990.98  "
22/12/2016,Cheque Expense,,Transfer Money,,ANZ Cash Management,"2,000.00  ",,9.02  
30/12/2016,Cheque Expense,,Transfer Money,,ANZ Cash Management,"2,000.00  ",,"2,009.02  "
03/01/2017,Cheque Expense,,Transfer Money,,ANZ Cash Management,,"1,000.00  ","1,009.02  "
03/01/2017,Cheque Expense,,Transfer Money,,ANZ Cash Management,,"1,000.00  ",9.02  
04/01/2017,Cheque Expense,,Transfer Money,,ANZ Cash Management,"5,000.00  ",,"5,009.02  "
06/01/2017,Cheque Expense,,ANZ Bank,,ANZ Cash Management,,2.50  ,"5,006.52  "
06/01/2017,Journal Entry,123,,Deposit,ANZ Cash Management,0.05  ,,"5,006.57  "
09/01/2017,Cheque Expense,,Transfer Money,,ANZ Cash Management,,"5,000.00  ",6.57  
25/01/2017,Cheque Expense,,Transfer Money,,ANZ Cash Management,"7,000.00  ",,"7,006.57  "
27/01/2017,Cheque Expense,,Transfer Money,,ANZ Cash Management,,"7,000.00  ",6.57  
08/02/2017,Cheque Expense,48,ANZ Bank,,ANZ Cash Management,,2.50  ,4.07  
08/02/2017,Journal Entry,118,,Deposit,ANZ Cash Management,0.05  ,,4.12  
14/02/2017,Journal Entry,119,,Deposit,ANZ Cash Management,"3,000.00  ",,"3,004.12  "
15/02/2017,Cheque Expense,,Transfer Money,,ANZ Cash Management,,"3,000.00  ",4.12  
21/02/2017,Journal Entry,120,,Deposit,ANZ Cash Management,"9,000.00  ",,"9,004.12  "
22/02/2017,Cheque Expense,,Transfer Money,,ANZ Cash Management,,"9,000.00  ",4.12  
23/02/2017,Journal Entry,121,,Deposit,ANZ Cash Management,"25,000.00  ",,"25,004.12  "
27/02/2017,Cheque Expense,,Transfer Money,,ANZ Cash Management,,"25,000.00  ",4.12  
08/03/2017,Journal Entry,122,,Deposit,ANZ Cash Management,0.24  ,,4.36  
08/03/2017,Cheque Expense,49,ANZ Bank,,ANZ Cash Management,,2.50  ,1.86  
13/03/2017,Journal Entry,124,,Deposit,ANZ Cash Management,"3,000.00  ",,"3,001.86  "
15/03/2017,Cheque Expense,,Transfer Money,,ANZ Cash Management,,"3,000.00  ",1.86  
15/03/2017,Journal Entry,125,,Deposit,ANZ Cash Management,"50,000.00  ",,"50,001.86  "
16/03/2017,Cheque Expense,,Transfer Money,,ANZ Cash Management,,"50,000.00  ",1.86  
20/03/2017,Journal Entry,126,,Deposit,ANZ Cash Management,"50,000.00  ",,"50,001.86  "
22/03/2017,Cheque Expense,,Transfer Money,,ANZ Cash Management,,"50,000.00  ",1.86  
31/03/2017,Journal Entry,127,,Deposit,ANZ Cash Management,"5,000.00  ",,"5,001.86  "
03/04/2017,Cheque Expense,,Transfer Money,,ANZ Cash Management,,"2,500.00  ","2,501.86  "
03/04/2017,Cheque Expense,,Transfer Money,,ANZ Cash Management,,"2,500.00  ",1.86  
07/04/2017,Journal Entry,129,,Deposit,ANZ Cash Management,0.47  ,,2.33  
08/04/2017,Cheque Expense,50,ANZ Bank,,ANZ Cash Management,,2.50  ,-0.17  
10/04/2017,Journal Entry,130,,Deposit,ANZ Cash Management,10.00  ,,9.83  
10/04/2017,Cheque Expense,,ASIC,,ANZ Cash Management,,249.00  ,-239.17  
10/04/2017,Journal Entry,131,,Deposit,ANZ Cash Management,250.00  ,,10.83  
22/04/2017,Cheque Expense,,Transfer Money,,ANZ Cash Management,"2,000.00  ",,"2,010.83  "
22/04/2017,Journal Entry,132,,Deposit,ANZ Cash Management,740.00  ,,"2,750.83  "
22/04/2017,Journal Entry,128,,Deposit,ANZ Cash Management,750.00  ,,"3,500.83  "
24/04/2017,Cheque Expense,,Australian Taxation Office,,ANZ Cash Management,,743.00  ,"2,757.83  "
24/04/2017,Cheque Expense,,Australian Taxation Office,,ANZ Cash Management,,743.00  ,"2,014.83  "
25/04/2017,Cheque Expense,,Transfer Money,,ANZ Cash Management,,"1,500.00  ",514.83  
26/04/2017,Cheque Expense,,Transfer Money,,ANZ Cash Management,,500.00  ,14.83  
03/05/2017,Cheque Expense,,Transfer Money,,ANZ Cash Management,"3,000.00  ",,"3,014.83  "
05/05/2017,Cheque Expense,,Transfer Money,,ANZ Cash Management,,"3,000.00  ",14.83  
05/05/2017,Cheque Expense,,Transfer Money,,ANZ Cash Management,,"25,000.00  ","-24,985.17  "
05/05/2017,Cheque Expense,,ING Direct,,ANZ Cash Management,"25,000.00  ",,14.83  
08/05/2017,Cheque Expense,,ANZ Bank,,ANZ Cash Management,,0.40  ,14.43  
08/05/2017,Cheque Expense,,ANZ Bank,,ANZ Cash Management,,0.40  ,14.03  
08/05/2017,Cheque Expense,51,ANZ Bank,,ANZ Cash Management,,2.50  ,11.53  
08/05/2017,Journal Entry,138,,Deposit,ANZ Cash Management,0.02  ,,11.55  
29/05/2017,Cheque Expense,,ING Direct,,ANZ Cash Management,"3,000.00  ",,"3,011.55  "
30/05/2017,Cheque Expense,,Transfer Money,,ANZ Cash Management,,"3,000.00  ",11.55  
08/06/2017,Cheque Expense,52,ANZ Bank,,ANZ Cash Management,,2.50  ,9.05  
08/06/2017,Journal Entry,139,,Deposit,ANZ Cash Management,0.01  ,,9.06  
14/06/2017,Cheque Expense,,Transfer Money,,ANZ Cash Management,"3,000.00  ",,"3,009.06  "
15/06/2017,Cheque Expense,,Transfer Money,,ANZ Cash Management,,"1,500.00  ","1,509.06  "
15/06/2017,Cheque Expense,,Transfer Money,,ANZ Cash Management,,"1,500.00  ",9.06  
28/06/2017,Journal Entry,140,,Deposit,ANZ Cash Management,213.30  ,,222.36  
03/07/2017,Cheque Expense,,Transfer Money,,ANZ Cash Management,,"2,397.17  ","-2,174.81  "
03/07/2017,Cheque Expense,,Transfer Money,,ANZ Cash Management,,"50,000.00  ","-52,174.81  "
03/07/2017,Cheque Expense,,Transfer Money,,ANZ Cash Management,"55,000.00  ",,"2,825.19  "
07/07/2017,Journal Entry,144,,Deposit,ANZ Cash Management,0.19  ,,"2,825.38  "
08/07/2017,Cheque Expense,53,ANZ Bank,,ANZ Cash Management,,2.50  ,"2,822.88  "
13/07/2017,Cheque Expense,,Transfer Money,,ANZ Cash Management,,"2,000.00  ",822.88  
13/07/2017,Cheque Expense,,Transfer Money,,ANZ Cash Management,,800.00  ,22.88  
21/07/2017,Cheque Expense,,Transfer Money,,ANZ Cash Management,,"15,000.00  ","-14,977.12  "
21/07/2017,Cheque Expense,,Transfer Money,,ANZ Cash Management,"15,000.00  ",,22.88  
02/08/2017,Journal Entry,145,,Deposit,ANZ Cash Management,650.00  ,,672.88  
02/08/2017,Cheque Expense,,Australian Taxation Office,Instalment payment,ANZ Cash Management,,638.00  ,34.88  
08/08/2017,Journal Entry,149,,Deposit,ANZ Cash Management,0.04  ,,34.92  
08/08/2017,Cheque Expense,54,ANZ Bank,,ANZ Cash Management,,2.50  ,32.42  
10/08/2017,Cheque Expense,,Transfer Money,,ANZ Cash Management,,"10,000.00  ","-9,967.58  "
10/08/2017,Journal Entry,150,,Deposit,ANZ Cash Management,"4,000.00  ",,"-5,967.58  "
10/08/2017,Journal Entry,151,,Deposit,ANZ Cash Management,"10,000.00  ",,"4,032.42  "
11/08/2017,Cheque Expense,,Transfer Money,,ANZ Cash Management,,"4,000.00  ",32.42  
14/08/2017,Journal Entry,152,,Deposit,ANZ Cash Management,"50,000.00  ",,"50,032.42  "
15/08/2017,Cheque Expense,,Transfer Money,,ANZ Cash Management,,"19,000.00  ","31,032.42  "
15/08/2017,Cheque Expense,,Transfer Money,,ANZ Cash Management,,"25,000.00  ","6,032.42  "
18/08/2017,Journal Entry,153,,Deposit,ANZ Cash Management,"27,000.00  ",,"33,032.42  "
18/08/2017,Cheque Expense,,Transfer Money,,ANZ Cash Management,,"25,000.00  ","8,032.42  "
18/08/2017,Journal Entry,154,,Deposit,ANZ Cash Management,"19,000.00  ",,"27,032.42  "
21/08/2017,Cheque Expense,,Transfer Money,,ANZ Cash Management,,"27,000.00  ",32.42  
23/08/2017,Cheque Expense,,Transfer Money,,ANZ Cash Management,,"70,053.44  ","-70,021.02  "
24/08/2017,Journal Entry,155,,Deposit,ANZ Cash Management,"70,100.00  ",,78.98  
07/09/2017,Cheque Expense,,Transfer Money,,ANZ Cash Management,"25,000.00  ",,"25,078.98  "
07/09/2017,Cheque Expense,,Transfer Money,,ANZ Cash Management,,"23,701.24  ","1,377.74  "
08/09/2017,Cheque Expense,55,ANZ Bank,,ANZ Cash Management,,2.50  ,"1,375.24  "
08/09/2017,Journal Entry,177,,Deposit,ANZ Cash Management,0.62  ,,"1,375.86  "
08/09/2017,Cheque Expense,,ANZ Bank,,ANZ Cash Management,,0.60  ,"1,375.26  "
14/09/2017,Journal Entry,163,,,ANZ Cash Management,,"1,300.00  ",75.26  
15/09/2017,Journal Entry,178,,Deposit,ANZ Cash Management,488.40  ,,563.66  
20/09/2017,Journal Entry,179,,Deposit,ANZ Cash Management,453.08  ,,"1,016.74  "
25/09/2017,Cheque Expense,,Transfer Money,,ANZ Cash Management,,"1,000.00  ",16.74  
02/10/2017,Journal Entry,180,,Deposit,ANZ Cash Management,466.52  ,,483.26  
08/10/2017,Cheque Expense,56,ANZ Bank,,ANZ Cash Management,,2.50  ,480.76  
09/10/2017,Journal Entry,181,,Deposit,ANZ Cash Management,479.88  ,,960.64  
10/10/2017,Cheque Expense,,Transfer Money,,ANZ Cash Management,,950.00  ,10.64  
11/10/2017,Cheque Expense,,Transfer Money,,ANZ Cash Management,,10.00  ,0.64  
11/10/2017,Journal Entry,182,,Deposit,ANZ Cash Management,"2,250.00  ",,"2,250.64  "
12/10/2017,Cheque Expense,,Transfer Money,,ANZ Cash Management,,"2,250.00  ",0.64  
08/11/2017,Cheque Expense,57,ANZ Bank,,ANZ Cash Management,,2.50  ,-1.86  
13/11/2017,Journal Entry,183,,Deposit,ANZ Cash Management,10.00  ,,8.14  
04/12/2017,Journal Entry,184,,Deposit,ANZ Cash Management,730.00  ,,738.14  
04/12/2017,Cheque Expense,,Australian Taxation Office,,ANZ Cash Management,,724.00  ,14.14  
08/12/2017,Cheque Expense,58,ANZ Bank,,ANZ Cash Management,,2.50  ,11.64  
15/12/2017,Journal Entry,185,,Deposit,ANZ Cash Management,483.08  ,,494.72  
20/12/2017,Journal Entry,186,,Deposit,ANZ Cash Management,447.48  ,,942.20  
22/12/2017,Journal Entry,168,,,ANZ Cash Management,,900.00  ,42.20  
02/01/2018,Journal Entry,187,,Deposit,ANZ Cash Management,461.44  ,,503.64  
02/01/2018,Cheque Expense,,Transfer Money,,ANZ Cash Management,,500.00  ,3.64  
08/01/2018,Journal Entry,188,,Deposit,ANZ Cash Management,463.88  ,,467.52  
08/01/2018,Cheque Expense,59,ANZ Bank,,ANZ Cash Management,,2.50  ,465.02  
08/01/2018,Journal Entry,170,,,ANZ Cash Management,,460.00  ,5.02  
17/01/2018,Journal Entry,189,,Deposit,ANZ Cash Management,"1,443.20  ",,"1,448.22  "
17/01/2018,Journal Entry,172,,,ANZ Cash Management,,"1,440.00  ",8.22  
08/02/2018,Cheque Expense,60,ANZ Bank,,ANZ Cash Management,,2.50  ,5.72  
08/03/2018,Cheque Expense,61,ANZ Bank,,ANZ Cash Management,,2.50  ,3.22  
15/03/2018,Journal Entry,190,,Deposit,ANZ Cash Management,481.20  ,,484.42  
19/03/2018,Cheque Expense,,Transfer Money,,ANZ Cash Management,,480.00  ,4.42  
20/03/2018,Journal Entry,191,,Deposit,ANZ Cash Management,448.44  ,,452.86  
22/03/2018,Journal Entry,192,,Deposit,ANZ Cash Management,"6,000.00  ",,"6,452.86  "
22/03/2018,Journal Entry,175,,,ANZ Cash Management,,450.00  ,"6,002.86  "
22/03/2018,Journal Entry,194,,Deposit,ANZ Cash Management,"9,000.00  ",,"15,002.86  "
22/03/2018,Journal Entry,193,,Deposit,ANZ Cash Management,400.00  ,,"15,402.86  "
26/03/2018,Journal Entry,176,,,ANZ Cash Management,,"41,100.00  ","-25,697.14  "
26/03/2018,Cheque Expense,,Transfer Money,,ANZ Cash Management,450.00  ,,"-25,247.14  "
26/03/2018,Journal Entry,195,,Deposit,ANZ Cash Management,"41,072.29  ",,"15,825.15  "
26/03/2018,Cheque Expense,,Transfer Money,,ANZ Cash Management,,"15,783.77  ",41.38  
03/04/2018,Journal Entry,198,,Deposit,ANZ Cash Management,461.88  ,,503.26  
06/04/2018,Journal Entry,196,,Deposit,ANZ Cash Management,0.17  ,,503.43  
08/04/2018,Cheque Expense,62,ANZ Bank,,ANZ Cash Management,,2.50  ,500.93  
09/04/2018,Journal Entry,197,,Deposit,ANZ Cash Management,471.56  ,,972.49  
09/04/2018,Cheque Expense,,Transfer Money,,ANZ Cash Management,,970.00  ,2.49  
28/04/2018,Journal Entry,200,,Deposit,ANZ Cash Management,250.00  ,,252.49  
28/04/2018,Cheque Expense,,ASIC,,ANZ Cash Management,,254.00  ,-1.51  
28/04/2018,Journal Entry,89,,Deposit,ANZ Cash Management,730.00  ,,728.49  
28/04/2018,Cheque Expense,,Australian Taxation Office,,ANZ Cash Management,,724.00  ,4.49  
08/05/2018,Cheque Expense,63,ANZ Bank,,ANZ Cash Management,,2.50  ,1.99  
08/06/2018,Cheque Expense,64,ANZ Bank,,ANZ Cash Management,,2.50  ,-0.51  
15/06/2018,Journal Entry,91,,,ANZ Cash Management,694.32  ,,693.81  
20/06/2018,Journal Entry,94,,ANZPG Franked Diviidend,ANZ Cash Management,470.40  ,,"1,164.21  "
21/06/2018,Journal Entry,105,,Deposit,ANZ Cash Management,"14,300.00  ",,"15,464.21  "
22/06/2018,Journal Entry,90,,Deposit,ANZ Cash Management,"18,500.00  ",,"33,964.21  "
27/06/2018,Cheque Expense,,Transfer Money,,ANZ Cash Management,,"33,900.00  ",64.21  
28/06/2018,Journal Entry,95,,Deposit,ANZ Cash Management,"31,500.00  ",,"31,564.21  "
29/06/2018,Journal Entry,91,,Deposit,ANZ Cash Management,0.82  ,,"31,565.03  "
29/06/2018,Journal Entry,94,,,ANZ Cash Management,,"31,347.88  ",217.15  
04/07/2018,Journal Entry,108,,Deposit,ANZ Cash Management,"31,600.00  ",,"31,817.15  "
06/07/2018,Cheque Expense,,Transfer Money,,ANZ Cash Management,,"31,642.78  ",174.37  
09/07/2018,Journal Entry,99,,,ANZ Cash Management,488.32  ,,662.69  
19/07/2018,Cheque Expense,,Transfer Money,,ANZ Cash Management,,650.00  ,12.69  
23/07/2018,Cheque Expense,,Australian Taxation Office,,ANZ Cash Management,,31.00  ,-18.31  
23/07/2018,Journal Entry,109,,Deposit,ANZ Cash Management,50.00  ,,31.69  
24/07/2018,Journal Entry,97,,Deposit,ANZ Cash Management,"32,000.00  ",,"32,031.69  "
24/07/2018,Cheque Expense,,Transfer Money,,ANZ Cash Management,,"31,597.62  ",434.07  
31/07/2018,Journal Entry,110,,Deposit,ANZ Cash Management,0.40  ,,434.47  
01/08/2018,Cheque Expense,,Transfer Money,,ANZ Cash Management,,420.00  ,14.47  
17/09/2018,Journal Entry,97,,,ANZ Cash Management,"1,088.68  ",,"1,103.15  "
20/09/2018,Journal Entry,95,,,ANZ Cash Management,479.40  ,,"1,582.55  "
01/10/2018,Journal Entry,101,,,ANZ Cash Management,741.06  ,,"2,323.61  "
03/10/2018,Cheque Expense,,Transfer Money,,ANZ Cash Management,,"1,000.00  ","1,323.61  "
08/10/2018,Journal Entry,96,,,ANZ Cash Management,489.40  ,,"1,813.01  "
09/10/2018,Cheque Expense,,Transfer Money,,ANZ Cash Management,,"1,800.00  ",13.01  
14/12/2018,Journal Entry,111,,Deposit,ANZ Cash Management,"35,000.00  ",,"35,013.01  "
17/12/2018,Journal Entry,102,,,ANZ Cash Management,"1,056.72  ",,"36,069.73  "
18/12/2018,Cheque Expense,,Transfer Money,,ANZ Cash Management,,"4,650.00  ","31,419.73  "
18/12/2018,Cheque Expense,,Transfer Money,,ANZ Cash Management,,"31,368.93  ",50.80  
20/12/2018,Journal Entry,103,,,ANZ Cash Management,462.12  ,,512.92  
21/12/2018,Cheque Expense,,Transfer Money,,ANZ Cash Management,,500.00  ,12.92  
24/12/2018,Journal Entry,104,,Deposit,ANZ Cash Management,"1,479.00  ",,"1,491.92  "
31/12/2018,Journal Entry,105,,Deposit,ANZ Cash Management,0.58  ,,"1,492.50  "
31/12/2018,Cheque Expense,,Transfer Money,,ANZ Cash Management,,"1,490.00  ",2.50  
31/12/2018,Journal Entry,104,,,ANZ Cash Management,716.22  ,,718.72  
02/01/2019,Cheque Expense,,Transfer Money,,ANZ Cash Management,,700.00  ,18.72  
07/01/2019,Journal Entry,105,,,ANZ Cash Management,660.33  ,,679.05  
09/01/2019,Cheque Expense,,Transfer Money,,ANZ Cash Management,,670.00  ,9.05  
26/02/2019,Journal Entry,103,,Deposit,ANZ Cash Management,"50,000.00  ",,"50,009.05  "
26/02/2019,Cheque Expense,,NAB Hybrid Application,,ANZ Cash Management,,"50,000.00  ",9.05  
27/02/2019,Cheque Expense,,Transfer Money,,ANZ Cash Management,,"50,000.00  ","-49,990.95  "
27/02/2019,Journal Entry,96,,Deposit,ANZ Cash Management,"50,000.00  ",,9.05  
01/03/2019,Cheque Expense,,Transfer Money,,ANZ Cash Management,,"30,000.00  ","-29,990.95  "
01/03/2019,Journal Entry,104,,Deposit,ANZ Cash Management,"30,000.00  ",,9.05  
18/03/2019,Cheque Expense,,Transfer Money,,ANZ Cash Management,,"1,250.00  ","-1,240.95  "
18/03/2019,Journal Entry,106,,,ANZ Cash Management,"1,246.20  ",,5.25  
20/03/2019,Cheque Expense,,Transfer Money,,ANZ Cash Management,,470.00  ,-464.75  
20/03/2019,Journal Entry,109,,ANZ Capital Notes 4,ANZ Cash Management,466.88  ,,2.13  
21/03/2019,Journal Entry,108,,,ANZ Cash Management,"16,000.00  ",,"16,002.13  "
22/03/2019,Cheque Expense,,Transfer Money,,ANZ Cash Management,,"21,000.00  ","-4,997.87  "
22/03/2019,Journal Entry,115,,Deposit,ANZ Cash Management,"5,000.00  ",,2.13  
25/03/2019,Cheque Expense,,Transfer Money,,ANZ Cash Management,,"2,000.00  ","-1,997.87  "
25/03/2019,Journal Entry,98,,Deposit,ANZ Cash Management,"2,000.00  ",,2.13  
29/03/2019,Journal Entry,160,,Deposit,ANZ Cash Management,0.06  ,,2.19  
29/03/2019,Cheque Expense,,ANZ Bank,,ANZ Cash Management,,0.60  ,1.59  
29/03/2019,Cheque Expense,,ANZ Bank,,ANZ Cash Management,,3.00  ,-1.41  
01/04/2019,Journal Entry,110,,WBCPG HYBRID,ANZ Cash Management,723.90  ,,722.49  
01/04/2019,Journal Entry,99,,Deposit,ANZ Cash Management,10.00  ,,732.49  
08/04/2019,Cheque Expense,,Transfer Money,,ANZ Cash Management,,720.00  ,12.49  
08/04/2019,Journal Entry,1,,NABPD HYBRID,ANZ Cash Management,672.87  ,,685.36  
08/04/2019,Cheque Expense,,Transfer Money,,ANZ Cash Management,,670.00  ,15.36  
06/05/2019,Journal Entry,116,,Deposit,ANZ Cash Management,"60,000.00  ",,"60,015.36  "
06/05/2019,Cheque Expense,,Transfer Money,,ANZ Cash Management,,"40,000.00  ","20,015.36  "
06/05/2019,Cheque Expense,,Transfer Money,,ANZ Cash Management,,"20,000.00  ",15.36  
09/05/2019,Journal Entry,117,,Deposit,ANZ Cash Management,"15,000.00  ",,"15,015.36  "
09/05/2019,Cheque Expense,,Transfer Money,,ANZ Cash Management,,"1,500.00  ","13,515.36  "
09/05/2019,Cheque Expense,,Transfer Money,,ANZ Cash Management,,"13,500.00  ",15.36  
13/05/2019,Cheque Expense,,ASIC,,ANZ Cash Management,,263.00  ,-247.64  
13/05/2019,Journal Entry,118,,Deposit,ANZ Cash Management,280.00  ,,32.36  
27/05/2019,Cheque Expense,,Transfer Money,,ANZ Cash Management,,"1,000.00  ",-967.64  
27/05/2019,Cheque Expense,,Transfer Money,,ANZ Cash Management,"1,000.00  ",,32.36  
31/05/2019,Journal Entry,102,,Deposit,ANZ Cash Management,0.17  ,,32.53  
31/05/2019,Cheque Expense,,ANZ Bank,,ANZ Cash Management,,1.80  ,30.73  
31/05/2019,Cheque Expense,,ANZ Bank,,ANZ Cash Management,,0.60  ,30.13  
17/06/2019,Cheque Expense,,Transfer Money,,ANZ Cash Management,,350.00  ,-319.87  
17/06/2019,Journal Entry,112,,NABPF DISTRIBUTION,ANZ Cash Management,337.76  ,,17.89  
17/06/2019,Journal Entry,113,,CBAPE DISTRIBUTION,ANZ Cash Management,"1,242.80  ",,"1,260.69  "
17/06/2019,Cheque Expense,,Transfer Money,,ANZ Cash Management,,"1,240.00  ",20.69  
20/06/2019,Cheque Expense,,Transfer Money,,ANZ Cash Management,,460.00  ,-439.31  
20/06/2019,Journal Entry,114,,,ANZ Cash Management,460.16  ,,20.85  
01/07/2019,Journal Entry,115,,,ANZ Cash Management,,700.00  ,-679.15  
01/07/2019,Journal Entry,24,,,ANZ Cash Management,705.72  ,,26.57  
08/07/2019,Journal Entry,115,,,ANZ Cash Management,,650.00  ,-623.43  
07/08/2019,Journal Entry,25,,,ANZ Cash Management,640.59  ,,17.16  
13/08/2019,Journal Entry,116,,,ANZ Cash Management,"48,189.16  ",,"48,206.32  "
13/08/2019,Journal Entry,115,,,ANZ Cash Management,,"48,200.00  ",6.32  
16/09/2019,Journal Entry,26,,,ANZ Cash Management,630.80  ,,637.12  
17/09/2019,Journal Entry,27,,,ANZ Cash Management,317.97  ,,955.09  
20/09/2019,Journal Entry,28,,,ANZ Cash Management,419.56  ,,"1,374.65  "
30/09/2019,Journal Entry,29,,,ANZ Cash Management,646.80  ,,"2,021.45  "
08/10/2019,Journal Entry,30,,,ANZ Cash Management,590.10  ,,"2,611.55  "
01/11/2019,Deposit,,,ANZ INTERNET BANKING FUNDS TFER TRANSFER 738512 FROM 904758893,ANZ Cash Management,,"2,600.00  ",11.55  
04/11/2019,Deposit,,,,ANZ Cash Management,"30,000.00  ",,"30,011.55  "
05/11/2019,Expense,,,,ANZ Cash Management,,"30,000.00  ",11.55  
29/11/2019,Deposit,,,,ANZ Cash Management,0.08  ,,11.63  
16/12/2019,Journal Entry,32,,CBAPE - PERLSVIII,ANZ Cash Management,598.46  ,,610.09  
16/12/2019,Expense,,,,ANZ Cash Management,,600.00  ,10.09  
17/12/2019,Journal Entry,33,,NABPF - Capital Notes 3,ANZ Cash Management,298.83  ,,308.92  
17/12/2019,Transfer,,,,ANZ Cash Management,,300.00  ,8.92  
20/12/2019,Transfer,,,,ANZ Cash Management,,430.00  ,-421.08  
20/12/2019,Journal Entry,34,,,ANZ Cash Management,431.12  ,,10.04  
30/12/2019,Transfer,,,,ANZ Cash Management,,610.00  ,-599.96  
30/12/2019,Journal Entry,36,,,ANZ Cash Management,610.98  ,,11.02  
31/12/2019,Expense,,,,ANZ Cash Management,,0.60  ,10.42  
31/12/2019,Expense,,,,ANZ Cash Management,,0.60  ,9.82  
07/01/2020,Transfer,,,,ANZ Cash Management,,560.00  ,-550.18  
07/01/2020,Journal Entry,37,,NABPD Dividend,ANZ Cash Management,555.61  ,,5.43  
09/01/2020,Transfer,,,,ANZ Cash Management,50.00  ,,55.43  
13/02/2020,Expense,,Intuit,Quickbooks Subscription,ANZ Cash Management,,14.99  ,40.44  
16/03/2020,Deposit,,,,ANZ Cash Management,585.04  ,,625.48  
16/03/2020,Expense,,Intuit,,ANZ Cash Management,,14.99  ,610.49  
16/03/2020,Deposit,,,,ANZ Cash Management,275.64  ,,886.13  
17/03/2020,Deposit,,,,ANZ Cash Management,290.77  ,,"1,176.90  "
18/03/2020,Transfer,,,,ANZ Cash Management,,"1,100.00  ",76.90  
20/03/2020,Deposit,,,,ANZ Cash Management,430.68  ,,507.58  
20/03/2020,Transfer,,,,ANZ Cash Management,"199,980.00  ",,"200,487.58  "
20/03/2020,Transfer,,,,ANZ Cash Management,,400.00  ,"200,087.58  "
23/03/2020,Transfer,,,,ANZ Cash Management,"50,000.00  ",,"250,087.58  "
23/03/2020,Expense,,Josephine McLaren,,ANZ Cash Management,,"250,028.00  ",59.58  
30/03/2020,Deposit,,,,ANZ Cash Management,609.66  ,,669.24  
31/03/2020,Expense,,ANZ Bank,,ANZ Cash Management,,2.40  ,666.84  
31/03/2020,Transfer,,,,ANZ Cash Management,,600.00  ,66.84  
31/03/2020,Expense,,ANZ Bank,,ANZ Cash Management,,1.20  ,65.64  
31/03/2020,Deposit,,ANZ Bank,,ANZ Cash Management,1.64  ,,67.28  
31/03/2020,Transfer,,,,ANZ Cash Management,300.00  ,,367.28  
01/04/2020,Expense,,ASIC,,ANZ Cash Management,,267.00  ,100.28  
07/04/2020,Deposit,,,,ANZ Cash Management,562.87  ,,663.15  
09/04/2020,Transfer,,,,ANZ Cash Management,,600.00  ,63.15  
14/04/2020,Expense,,Intuit,,ANZ Cash Management,,14.99  ,48.16  
14/05/2020,Expense,,Intuit,,ANZ Cash Management,,14.99  ,33.17  
15/06/2020,Deposit,,Commbank,,ANZ Cash Management,190.20  ,,223.37  
15/06/2020,Expense,,Intuit,,ANZ Cash Management,,14.99  ,208.38  
15/06/2020,Deposit,,,,ANZ Cash Management,562.21  ,,770.59  
17/06/2020,Transfer,,,,ANZ Cash Management,,950.00  ,-179.41  
17/06/2020,Deposit,,NAB,,ANZ Cash Management,274.21  ,,94.80  
22/06/2020,Deposit,,ANZ Bank,,ANZ Cash Management,376.40  ,,471.20  
22/06/2020,Transfer,,,,ANZ Cash Management,,400.00  ,71.20  
30/06/2020,Journal Entry,39,,,ANZ Cash Management,"25,000.00  ",,"25,071.20  "
30/06/2020,Journal Entry,39,,,ANZ Cash Management,"69,819.80  ",,"94,891.00  "
30/06/2020,Expense,,,,ANZ Cash Management,,1.80  ,"94,889.20  "
30/06/2020,Expense,,,,ANZ Cash Management,,0.60  ,"94,888.60  "
30/06/2020,Journal Entry,40,,WBCPG Distribution,ANZ Cash Management,558.24  ,,"95,446.84  "
01/07/2020,Transfer,,,,ANZ Cash Management,,"50,000.00  ","45,446.84  "
02/07/2020,Transfer,,,,ANZ Cash Management,,"44,890.00  ",556.84  
07/07/2020,Journal Entry,41,,NABPD Distribution,ANZ Cash Management,497.09  ,,"1,053.93  "
07/07/2020,Transfer,,,,ANZ Cash Management,,950.00  ,103.93  
14/07/2020,Expense,,Intuit,,ANZ Cash Management,,14.99  ,88.94  
31/07/2020,Deposit,,ANZ Bank,,ANZ Cash Management,0.20  ,,89.14  
13/08/2020,Expense,,Intuit,,ANZ Cash Management,,14.99  ,74.15  
21/08/2020,Transfer,,,,ANZ Cash Management,"240,000.00  ",,"240,074.15  "
24/08/2020,Transfer,,,,ANZ Cash Management,,"50,000.00  ","190,074.15  "
25/08/2020,Transfer,,,,ANZ Cash Management,,"90,000.00  ","100,074.15  "
25/08/2020,Transfer,,,,ANZ Cash Management,,"50,000.00  ","50,074.15  "
26/08/2020,Transfer,,,,ANZ Cash Management,,"50,000.00  ",74.15  
31/08/2020,Deposit,,ANZ Bank,,ANZ Cash Management,1.31  ,,75.46  
08/09/2020,Journal Entry,44,,4213 RSM.AX @ 21.29 (Brokerage 21.29),ANZ Cash Management,,"89,972.81  ","-89,897.35  "
09/09/2020,Transfer,,,,ANZ Cash Management,"90,000.00  ",,102.65  
14/09/2020,Expense,,Intuit,,ANZ Cash Management,,14.99  ,87.66  
15/09/2020,Journal Entry,43,,,ANZ Cash Management,514.31  ,,601.97  
15/09/2020,Journal Entry,45,,,ANZ Cash Management,164.10  ,,766.07  
16/09/2020,Transfer,,,,ANZ Cash Management,,700.00  ,66.07  
17/09/2020,Journal Entry,46,,,ANZ Cash Management,245.96  ,,312.03  
21/09/2020,Transfer,,,,ANZ Cash Management,,600.00  ,-287.97  
21/09/2020,Journal Entry,47,,,ANZ Cash Management,335.40  ,,47.43  
30/09/2020,Expense,,ANZ Bank,,ANZ Cash Management,,0.60  ,46.83  
30/09/2020,Journal Entry,48,,,ANZ Cash Management,529.32  ,,576.15  
30/09/2020,Deposit,,ANZ Bank,,ANZ Cash Management,0.12  ,,576.27  
30/09/2020,Transfer,,,,ANZ Cash Management,,500.00  ,76.27  
07/10/2020,Journal Entry,49,,,ANZ Cash Management,490.27  ,,566.54  
07/10/2020,Transfer,,,,ANZ Cash Management,,500.00  ,66.54  
14/10/2020,Expense,,Intuit,,ANZ Cash Management,,14.99  ,51.55  
15/10/2020,Journal Entry,50,,,ANZ Cash Management,179.94  ,,231.49  
15/10/2020,Transfer,,,,ANZ Cash Management,,150.00  ,81.49  
13/11/2020,Expense,,,,ANZ Cash Management,,14.99  ,66.50  
14/12/2020,Expense,,Intuit,,ANZ Cash Management,,14.99  ,51.51  
15/12/2020,Deposit,,,,ANZ Cash Management,508.04  ,,559.55  
15/12/2020,Deposit,,,,ANZ Cash Management,161.94  ,,721.49  
17/12/2020,Deposit,,,,ANZ Cash Management,242.69  ,,964.18  
18/12/2020,Expense,,,,ANZ Cash Management,,900.00  ,64.18  
21/12/2020,Transfer,,,,ANZ Cash Management,,100.00  ,-35.82  
21/12/2020,Deposit,,,,ANZ Cash Management,334.40  ,,298.58  
30/12/2020,Deposit,,,,ANZ Cash Management,522.84  ,,821.42  
31/12/2020,Expense,,ANZ Bank,,ANZ Cash Management,,0.60  ,820.82  
05/01/2021,Transfer,,,,ANZ Cash Management,,760.00  ,60.82  
07/01/2021,Deposit,,,,ANZ Cash Management,488.35  ,,549.17  
13/01/2021,Expense,,Intuit,,ANZ Cash Management,,14.99  ,534.18  
18/01/2021,Deposit,,,,ANZ Cash Management,681.85  ,,"1,216.03  "
15/02/2021,Expense,,Intuit,,ANZ Cash Management,,14.99  ,"1,201.04  "
15/03/2021,Deposit,,,,ANZ Cash Management,495.39  ,,"1,696.43  "
15/03/2021,Deposit,,,,ANZ Cash Management,156.27  ,,"1,852.70  "
16/03/2021,Expense,,Intuit,,ANZ Cash Management,,14.99  ,"1,837.71  "
17/03/2021,Deposit,,,,ANZ Cash Management,235.59  ,,"2,073.30  "
22/03/2021,Deposit,,,,ANZ Cash Management,329.08  ,,"2,402.38  "
30/03/2021,Deposit,,,,ANZ Cash Management,508.50  ,,"2,910.88  "
07/04/2021,Deposit,,,,ANZ Cash Management,471.79  ,,"3,382.67  "
12/04/2021,Transfer,,,,ANZ Cash Management,,400.00  ,"2,982.67  "
12/04/2021,Expense,,ASIC,,ANZ Cash Management,,273.00  ,"2,709.67  "
13/04/2021,Expense,,Intuit,,ANZ Cash Management,,14.99  ,"2,694.68  "
14/05/2021,Expense,,Intuit,,ANZ Cash Management,,20.00  ,"2,674.68  "
18/05/2021,Expense,,Australian Taxation Office,,ANZ Cash Management,,"1,410.40  ","1,264.28  "
08/06/2021,Journal Entry,53,,Sell 4213 RSM @ $21.10 (Brokerage $275.55),ANZ Cash Management,"88,618.75  ",,"89,883.03  "
11/06/2021,Transfer,,,,ANZ Cash Management,,"93,700.00  ","-3,816.97  "
14/06/2021,Expense,,Intuit,,ANZ Cash Management,,20.00  ,"-3,836.97  "
15/06/2021,Deposit,,Commbank,,ANZ Cash Management,160.74  ,,"-3,676.23  "
15/06/2021,Deposit,,Commbank,,ANZ Cash Management,508.20  ,,"-3,168.03  "
17/06/2021,Deposit,,,,ANZ Cash Management,242.05  ,,"-2,925.98  "
18/06/2021,Transfer,,,,ANZ Cash Management,"4,095.17  ",,"1,169.19  "
21/06/2021,Deposit,,,,ANZ Cash Management,330.24  ,,"1,499.43  "
25/06/2021,Expense,,ANZ Bank,,ANZ Cash Management,,"50,000.00  ","-48,500.57  "
25/06/2021,Transfer,,,,ANZ Cash Management,"50,000.00  ",,"1,499.43  "
28/06/2021,Transfer,,,,ANZ Cash Management,,"38,000.00  ","-36,500.57  "
28/06/2021,Transfer,,,,ANZ Cash Management,"38,000.00  ",,"1,499.43  "
28/06/2021,Expense,,Cambel Cass (Melbourne),,ANZ Cash Management,,275.00  ,"1,224.43  "
30/06/2021,Journal Entry,54,,,ANZ Cash Management,522.42  ,,"1,746.85  "
30/06/2021,Journal Entry,55,,,ANZ Cash Management,0.13  ,,"1,746.98  "
07/07/2021,Deposit,,,,ANZ Cash Management,479.38  ,,"2,226.36  "
08/07/2021,Transfer,,,,ANZ Cash Management,,"2,500.00  ",-273.64  
08/07/2021,Transfer,,,,ANZ Cash Management,500.00  ,,226.36  
08/07/2021,Transfer,,,,ANZ Cash Management,"4,000.00  ",,"4,226.36  "
08/07/2021,Transfer,,,,ANZ Cash Management,,"4,000.00  ",226.36  
14/07/2021,Expense,,Intuit,,ANZ Cash Management,,20.00  ,206.36  
16/07/2021,Transfer,,,,ANZ Cash Management,,"1,400.00  ","-1,193.64  "
16/07/2021,Transfer,,,,ANZ Cash Management,"1,200.00  ",,6.36  
30/07/2021,Transfer,,,,ANZ Cash Management,20.00  ,,26.36  
13/08/2021,Expense,,Intuit,,ANZ Cash Management,,20.00  ,6.36  
08/09/2021,Transfer,,,,ANZ Cash Management,100.00  ,,106.36  
13/09/2021,Expense,,Intuit,,ANZ Cash Management,,20.00  ,86.36  
15/09/2021,Deposit,,,,ANZ Cash Management,436.38  ,,522.74  
15/09/2021,Deposit,,,,ANZ Cash Management,506.99  ,,"1,029.73  "
15/09/2021,Deposit,,,,ANZ Cash Management,160.08  ,,"1,189.81  "
17/09/2021,Deposit,,,,ANZ Cash Management,241.06  ,,"1,430.87  "
20/09/2021,Deposit,,,,ANZ Cash Management,330.08  ,,"1,760.95  "
20/09/2021,Deposit,,,,ANZ Cash Management,377.78  ,,"2,138.73  "
23/09/2021,Transfer,,,,ANZ Cash Management,,352.00  ,"1,786.73  "
29/09/2021,Transfer,,,,ANZ Cash Management,,"1,700.00  ",86.73  
07/10/2021,Deposit,,,,ANZ Cash Management,482.79  ,,569.52  
14/10/2021,Expense,,Intuit,,ANZ Cash Management,,20.00  ,549.52  
15/10/2021,Deposit,,Commbank,,ANZ Cash Management,164.89  ,,714.41  
15/10/2021,Journal Entry,59,,Redemption of 550 CBAPE @ $100,ANZ Cash Management,"55,000.00  ",,"55,714.41  "
18/10/2021,Transfer,,,,ANZ Cash Management,,"55,500.00  ",214.41  
29/10/2021,Deposit,,ANZ Bank,,ANZ Cash Management,0.04  ,,214.45  
15/11/2021,Expense,,Intuit,,ANZ Cash Management,,20.00  ,194.45  
25/11/2021,Transfer,,,,ANZ Cash Management,,"50,000.00  ","-49,805.55  "
25/11/2021,Transfer,,,,ANZ Cash Management,"50,000.00  ",,194.45  
29/11/2021,Transfer,,,,ANZ Cash Management,"2,800.00  ",,"2,994.45  "
29/11/2021,Journal Entry,61,,"Buy 150,000 VRS @ $0.059 (Brokerage $29.95)",ANZ Cash Management,,"8,879.95  ","-5,885.50  "
30/11/2021,Transfer,,,,ANZ Cash Management,"1,200.00  ",,"-4,685.50  "
30/11/2021,Transfer,,,,ANZ Cash Management,"4,800.00  ",,114.50  
03/12/2021,Transfer,,,,ANZ Cash Management,"6,000.00  ",,"6,114.50  "
06/12/2021,Journal Entry,62,,"Buy 100,000 VRS @ $0.057 (Brokerage $29.95)",ANZ Cash Management,,"5,729.95  ",384.55  
14/12/2021,Expense,,Intuit,,ANZ Cash Management,,20.00  ,364.55  
15/12/2021,Deposit,,,,ANZ Cash Management,157.65  ,,522.20  
17/12/2021,Deposit,,,,ANZ Cash Management,238.14  ,,760.34  
20/12/2021,Deposit,,,,ANZ Cash Management,329.00  ,,"1,089.34  "
20/12/2021,Deposit,,,,ANZ Cash Management,462.70  ,,"1,552.04  "
21/12/2021,Deposit,,,,ANZ Cash Management,324.90  ,,"1,876.94  "
22/12/2021,Transfer,,,,ANZ Cash Management,,"50,000.00  ","-48,123.06  "
22/12/2021,Transfer,,,,ANZ Cash Management,,250.00  ,"-48,373.06  "
22/12/2021,Transfer,,,,ANZ Cash Management,"50,000.00  ",,"1,626.94  "
22/12/2021,Transfer,,,,ANZ Cash Management,,"1,050.00  ",576.94  
31/12/2021,Deposit,,ANZ Bank,,ANZ Cash Management,0.01  ,,576.95  
07/01/2022,Deposit,,,,ANZ Cash Management,482.41  ,,"1,059.36  "
13/01/2022,Expense,,Intuit,,ANZ Cash Management,,20.00  ,"1,039.36  "
05/02/2022,Transfer,,,ASIC Payment for McLaren Williams Pty Ltd,ANZ Cash Management,,276.00  ,763.36  
05/02/2022,Transfer,,,,ANZ Cash Management,,"6,000.00  ","-5,236.64  "
05/02/2022,Transfer,,,,ANZ Cash Management,"5,500.00  ",,263.36  
14/02/2022,Expense,,Intuit,,ANZ Cash Management,,20.00  ,243.36  
01/03/2022,Journal Entry,63,,"Sell VRS 250,000 @ $0.072 (Brokerage $55.79)",ANZ Cash Management,"17,944.21  ",,"18,187.57  "
15/03/2022,Deposit,,,,ANZ Cash Management,158.55  ,,"18,346.12  "
16/03/2022,Expense,,Intuit,,ANZ Cash Management,,20.00  ,"18,326.12  "
17/03/2022,Deposit,,,,ANZ Cash Management,238.88  ,,"18,565.00  "
21/03/2022,Deposit,,,,ANZ Cash Management,470.71  ,,"19,035.71  "
21/03/2022,Deposit,,,,ANZ Cash Management,332.64  ,,"19,368.35  "
21/03/2022,Deposit,,,,ANZ Cash Management,307.86  ,,"19,676.21  "
31/03/2022,Deposit,,ANZ Bank,,ANZ Cash Management,0.15  ,,"19,676.36  "
07/04/2022,Deposit,,,,ANZ Cash Management,476.30  ,,"20,152.66  "
11/04/2022,Transfer,,,,ANZ Cash Management,,"1,000.00  ","19,152.66  "
13/04/2022,Expense,,Intuit,,ANZ Cash Management,,20.00  ,"19,132.66  "
13/04/2022,Transfer,,,,ANZ Cash Management,,"5,000.00  ","14,132.66  "
29/04/2022,Deposit,,ANZ Bank,,ANZ Cash Management,0.13  ,,"14,132.79  "
02/05/2022,Transfer,,,,ANZ Cash Management,"44,500.00  ",,"58,632.79  "
02/05/2022,Journal Entry,65,,Buy NABPD : 80 @ $101.20 (Brokerage $29.95),ANZ Cash Management,,"8,125.95  ","50,506.84  "
02/05/2022,Journal Entry,64,,Buy SPDR S&P ASX : 1000 @ $14.75 (Brokerage : $45.73),ANZ Cash Management,,"14,795.73  ","35,711.11  "
03/05/2022,Journal Entry,66,,Buy NABPD : 55 @ $102.20 (Brokerage : 12.40),ANZ Cash Management,,"5,578.40  ","30,132.71  "
04/05/2022,Journal Entry,67,,Buy ANZ Capital Notes 4 : 260 @ $106.26 (Brokerage : $85.64),ANZ Cash Management,,"27,710.64  ","2,422.07  "
11/05/2022,Expense,,ASIC,,ANZ Cash Management,,276.00  ,"2,146.07  "
16/05/2022,Expense,,Intuit,,ANZ Cash Management,,20.00  ,"2,126.07  "
18/05/2022,Journal Entry,69,,Buy 1000 CNEW @ $7.26 (Brokerage $29.95),ANZ Cash Management,,"7,289.95  ","-5,163.88  "
18/05/2022,Deposit,,,,ANZ Cash Management,"1,600.00  ",,"-3,563.88  "
19/05/2022,Transfer,,,,ANZ Cash Management,"4,000.00  ",,436.12  
31/05/2022,Deposit,,ANZ Bank,,ANZ Cash Management,0.06  ,,436.18  
01/06/2022,Deposit,,Australian Taxation Office,Refund from Tax Office,ANZ Cash Management,352.00  ,,788.18  
13/06/2022,Expense,,Intuit,,ANZ Cash Management,,20.00  ,768.18  
15/06/2022,Transfer,,,,ANZ Cash Management,"14,600.00  ",,"15,368.18  "
15/06/2022,Deposit,,,,ANZ Cash Management,166.98  ,,"15,535.16  "
17/06/2022,Deposit,,,,ANZ Cash Management,249.53  ,,"15,784.69  "
17/06/2022,Expense,,,,ANZ Cash Management,,"14,790.71  ",993.98  
20/06/2022,Deposit,,,,ANZ Cash Management,562.12  ,,"1,556.10  "
20/06/2022,Deposit,,,,ANZ Cash Management,488.40  ,,"2,044.50  "
21/06/2022,Deposit,,,,ANZ Cash Management,326.22  ,,"2,370.72  "
28/06/2022,Transfer,,,,ANZ Cash Management,81.28  ,,"2,452.00  "
29/06/2022,Expense,,,,ANZ Cash Management,,"1,648.90  ",803.10  
30/06/2022,Deposit,,ANZ Bank,,ANZ Cash Management,0.01  ,,803.11  
07/07/2022,Deposit,,,,ANZ Cash Management,"68,500.00  ",,"69,303.11  "
07/07/2022,Deposit,,,,ANZ Cash Management,626.09  ,,"69,929.20  "
12/07/2022,Transfer,,,Distributin from OZR,ANZ Cash Management,807.90  ,,"70,737.10  "
14/07/2022,Expense,,Intuit,,ANZ Cash Management,,20.00  ,"70,717.10  "
18/07/2022,Transfer,,,,ANZ Cash Management,7.96  ,,"70,725.06  "
19/07/2022,Expense,,,,ANZ Cash Management,,"39,746.83  ","30,978.23  "
22/07/2022,Expense,,,,ANZ Cash Management,,"30,032.81  ",945.42  
25/07/2022,Transfer,,,,ANZ Cash Management,130.00  ,,"1,075.42  "
29/07/2022,Deposit,,ANZ Bank,,ANZ Cash Management,0.26  ,,"1,075.68  "
11/08/2022,Transfer,,,,ANZ Cash Management,,100.00  ,975.68  
15/08/2022,Expense,,Intuit,,ANZ Cash Management,,20.00  ,955.68  
16/08/2022,Deposit,,,,ANZ Cash Management,20.35  ,,976.03  
15/09/2022,Deposit,,,,ANZ Cash Management,235.83  ,,"1,211.86  "
15/09/2022,Deposit,,,,ANZ Cash Management,373.59  ,,"1,585.45  "
16/09/2022,Expense,,Intuit,,ANZ Cash Management,,20.00  ,"1,565.45  "
16/09/2022,Deposit,,,,ANZ Cash Management,22.73  ,,"1,588.18  "
19/09/2022,Deposit,,,,ANZ Cash Management,288.48  ,,"1,876.66  "
19/09/2022,Deposit,,,,ANZ Cash Management,355.44  ,,"2,232.10  "
20/09/2022,Deposit,,,,ANZ Cash Management,750.90  ,,"2,983.00  "
20/09/2022,Deposit,,,,ANZ Cash Management,761.11  ,,"3,744.11  "
21/09/2022,Deposit,,,,ANZ Cash Management,495.24  ,,"4,239.35  "
26/09/2022,Transfer,,,,ANZ Cash Management,,"1,000.00  ","3,239.35  "
29/09/2022,Transfer,,,,ANZ Cash Management,,250.00  ,"2,989.35  "
03/10/2022,Transfer,,,,ANZ Cash Management,,200.00  ,"2,789.35  "
03/10/2022,Transfer,,,,ANZ Cash Management,,"2,000.00  ",789.35  
14/10/2022,Expense,,Intuit,,ANZ Cash Management,,20.00  ,769.35  
18/10/2022,Deposit,,,,ANZ Cash Management,19.93  ,,789.28  
14/11/2022,Expense,,Intuit,,ANZ Cash Management,,20.00  ,769.28  
16/11/2022,Deposit,,Betashares,,ANZ Cash Management,22.40  ,,791.68  
02/12/2022,Transfer,,,,ANZ Cash Management,,500.00  ,291.68  
14/12/2022,Expense,,Intuit,,ANZ Cash Management,,20.00  ,271.68  
15/12/2022,Deposit,,,,ANZ Cash Management,451.85  ,,723.53  
15/12/2022,Deposit,,,,ANZ Cash Management,288.15  ,,"1,011.68  "
16/12/2022,Deposit,,Betashares,,ANZ Cash Management,22.44  ,,"1,034.12  "
19/12/2022,Deposit,,,,ANZ Cash Management,418.24  ,,"1,452.36  "
19/12/2022,Deposit,,,,ANZ Cash Management,405.93  ,,"1,858.29  "
20/12/2022,Deposit,,,,ANZ Cash Management,902.00  ,,"2,760.29  "
20/12/2022,Transfer,,,,ANZ Cash Management,,"3,500.00  ",-739.71  
20/12/2022,Deposit,,,,ANZ Cash Management,872.32  ,,132.61  
21/12/2022,Deposit,,,,ANZ Cash Management,607.86  ,,740.47  
28/12/2022,Journal Entry,74,,Sell 200 NABPF @ $107.30,ANZ Cash Management,"21,393.48  ",,"22,133.95  "
30/12/2022,Deposit,,ANZ Bank,,ANZ Cash Management,0.01  ,,"22,133.96  "
05/01/2023,Transfer,,,,ANZ Cash Management,,"9,000.00  ","13,133.96  "
12/01/2023,Deposit,,,,ANZ Cash Management,247.41  ,,"13,381.37  "
16/01/2023,Expense,,Intuit,,ANZ Cash Management,,20.00  ,"13,361.37  "
18/01/2023,Journal Entry,75,,,ANZ Cash Management,21.92  ,,"13,383.29  "
23/01/2023,Transfer,,,,ANZ Cash Management,,"13,000.00  ",383.29  
31/01/2023,Deposit,,ANZ Bank,,ANZ Cash Management,0.10  ,,383.39  
15/02/2023,Expense,,Intuit,,ANZ Cash Management,,20.00  ,363.39  
20/02/2023,Expense,,Intuit,,ANZ Cash Management,,20.00  ,343.39  
20/03/2023,Expense,,Intuit,,ANZ Cash Management,,20.00  ,323.39  
27/03/2023,Expense,,ASIC,,ANZ Cash Management,,290.00  ,33.39  
28/03/2023,Transfer,,,,ANZ Cash Management,"3,000.00  ",,"3,033.39  "
17/04/2023,Expense,,Intuit,,ANZ Cash Management,,20.00  ,"3,013.39  "
15/05/2023,Expense,,Intuit,,ANZ Cash Management,,20.00  ,"2,993.39  "
29/05/2023,Transfer,,,,ANZ Cash Management,,"6,900.00  ","-3,906.61  "
29/05/2023,Transfer,,,,ANZ Cash Management,"3,000.00  ",,-906.61  
29/05/2023,Transfer,,,,ANZ Cash Management,"1,000.00  ",,93.39  
01/06/2023,Transfer,,,Tax Refund,ANZ Cash Management,164.00  ,,257.39  
13/06/2023,Expense,,Intuit,,ANZ Cash Management,,20.00  ,237.39  
14/07/2023,Expense,,Intuit,,ANZ Cash Management,,20.00  ,217.39  
14/08/2023,Expense,,Intuit,,ANZ Cash Management,,20.00  ,197.39  
22/08/2023,Transfer,,,,ANZ Cash Management,400.00  ,,597.39  
22/08/2023,Journal Entry,105,,,ANZ Cash Management,,396.00  ,201.39  
13/09/2023,Expense,,Intuit,,ANZ Cash Management,,20.00  ,181.39  
16/10/2023,Expense,,Intuit,,ANZ Cash Management,,20.00  ,161.39  
13/11/2023,Expense,,Intuit,,ANZ Cash Management,,25.00  ,136.39  
14/12/2023,Expense,,Intuit,,ANZ Cash Management,,25.00  ,111.39  
04/01/2024,Transfer,,,,ANZ Cash Management,"6,600.00  ",,"6,711.39  "
08/01/2024,Transfer,,,,ANZ Cash Management,,"6,700.00  ",11.39  
15/01/2024,Expense,,Intuit,,ANZ Cash Management,,25.00  ,-13.61  
17/01/2024,Transfer,,,,ANZ Cash Management,100.00  ,,86.39  
31/01/2024,Deposit,,ANZ Bank,,ANZ Cash Management,0.01  ,,86.40  
31/01/2024,Expense,,,,ANZ Cash Management,,0.02  ,86.38  
13/02/2024,Expense,,Intuit,,ANZ Cash Management,,25.00  ,61.38  
15/03/2024,Expense,,Intuit,,ANZ Cash Management,,25.00  ,36.38  
05/04/2024,Transfer,,,,ANZ Cash Management,"20,000.00  ",,"20,036.38  "
05/04/2024,Transfer,,,,ANZ Cash Management,"30,000.00  ",,"50,036.38  "
05/04/2024,Transfer,,,,ANZ Cash Management,,"71,000.00  ","-20,963.62  "
05/04/2024,Expense,,ASIC,,ANZ Cash Management,,310.00  ,"-21,273.62  "
05/04/2024,Deposit,,,,ANZ Cash Management,"71,300.00  ",,"50,026.38  "
05/04/2024,Expense,,,,ANZ Cash Management,,"30,000.00  ","20,026.38  "
05/04/2024,Expense,,,,ANZ Cash Management,,"20,000.00  ",26.38  
05/04/2024,Transfer,,,,ANZ Cash Management,100.00  ,,126.38  
05/04/2024,Transfer,,,,ANZ Cash Management,"20,000.00  ",,"20,126.38  "
08/04/2024,Expense,,,,ANZ Cash Management,,"20,000.00  ",126.38  
15/04/2024,Expense,,Intuit,,ANZ Cash Management,,25.00  ,101.38  
14/05/2024,Expense,,Intuit,,ANZ Cash Management,,25.00  ,76.38  
29/05/2024,Transfer,,,,ANZ Cash Management,"1,070.00  ",,"1,146.38  "
29/05/2024,Expense,,,,ANZ Cash Management,,"1,070.52  ",75.86  
13/06/2024,Expense,,Intuit,,ANZ Cash Management,,25.00  ,50.86  
27/06/2024,Deposit,,,,ANZ Cash Management,130.00  ,,180.86  
10/07/2024,Transfer,,,,ANZ Cash Management,"4,100.00  ",,"4,280.86  "
11/07/2024,Transfer,,,,ANZ Cash Management,,"3,800.00  ",480.86  
11/07/2024,Expense,,,,ANZ Cash Management,,283.00  ,197.86  
15/07/2024,Expense,,Intuit,,ANZ Cash Management,,25.00  ,172.86  
13/08/2024,Expense,,Intuit,,ANZ Cash Management,,25.00  ,147.86  
13/09/2024,Expense,,Intuit,,ANZ Cash Management,,25.00  ,122.86  
14/10/2024,Expense,,Intuit,,ANZ Cash Management,,25.00  ,97.86  
06/11/2024,Expense,,,,ANZ Cash Management,,283.00  ,-185.14  
06/11/2024,Transfer,,,,ANZ Cash Management,300.00  ,,114.86  
13/11/2024,Expense,,Intuit,,ANZ Cash Management,,29.00  ,85.86  
13/12/2024,Transfer,,,,ANZ Cash Management,"10,000.00  ",,"10,085.86  "
13/12/2024,Transfer,,,,ANZ Cash Management,,"10,000.00  ",85.86  
16/12/2024,Expense,,Intuit,,ANZ Cash Management,,29.00  ,56.86  
16/12/2024,Deposit,,,,ANZ Cash Management,"10,000.00  ",,"10,056.86  "
16/12/2024,Deposit,,,,ANZ Cash Management,"10,000.00  ",,"20,056.86  "
16/12/2024,Transfer,,,,ANZ Cash Management,,"19,900.00  ",156.86  
17/12/2024,Transfer,,,,ANZ Cash Management,"10,000.00  ",,"10,156.86  "
18/12/2024,Transfer,,,,ANZ Cash Management,"10,000.00  ",,"20,156.86  "
18/12/2024,Transfer,,,,ANZ Cash Management,,"20,000.00  ",156.86  
27/12/2024,Transfer,,,,ANZ Cash Management,"10,000.00  ",,"10,156.86  "
31/12/2024,Deposit,,ANZ Bank,,ANZ Cash Management,0.02  ,,"10,156.88  "
02/01/2025,Transfer,,,,ANZ Cash Management,,"10,000.00  ",156.88  
13/01/2025,Expense,,Intuit,,ANZ Cash Management,,29.00  ,127.88  
13/02/2025,Expense,,Intuit,,ANZ Cash Management,,29.00  ,98.88  
24/02/2025,Transfer,,,,ANZ Cash Management,,"49,000.00  ","-48,901.12  "
24/02/2025,Transfer,,,,ANZ Cash Management,"34,800.00  ",,"-14,101.12  "
24/02/2025,Transfer,,,,ANZ Cash Management,"50,000.00  ",,"35,898.88  "
25/02/2025,Transfer,,,,ANZ Cash Management,"15,000.00  ",,"50,898.88  "
25/02/2025,Expense,,,,ANZ Cash Management,,"50,000.00  ",898.88  
28/02/2025,Journal Entry,160,,,ANZ Cash Management,0.01  ,,898.89  
03/03/2025,Deposit,,,,ANZ Cash Management,"101,800.00  ",,"102,698.89  "
03/03/2025,Transfer,,,,ANZ Cash Management,,"50,000.00  ","52,698.89  "
04/03/2025,Expense,,,,ANZ Cash Management,,"50,000.00  ","2,698.89  "
10/03/2025,Expense,,,,ANZ Cash Management,,"2,500.00  ",198.89  
17/03/2025,Expense,,Intuit,,ANZ Cash Management,,29.00  ,169.89  
17/03/2025,Expense,,,,ANZ Cash Management,,283.00  ,-113.11  
17/03/2025,Transfer,,,null,ANZ Cash Management,300.00  ,,186.89  
31/03/2025,Transfer,,,null,ANZ Cash Management,200.00  ,,386.89  
31/03/2025,Deposit,,ANZ Bank,,ANZ Cash Management,0.02  ,,386.91  
31/03/2025,Expense,,ASIC,,ANZ Cash Management,,321.00  ,65.91  
14/04/2025,Expense,,Intuit,,ANZ Cash Management,,29.00  ,36.91  
22/04/2025,Deposit,,,,ANZ Cash Management,"99,000.00  ",,"99,036.91  "
23/04/2025,Transfer,,,null,ANZ Cash Management,,"98,800.00  ",236.91  
24/04/2025,Transfer,,,null,ANZ Cash Management,200.00  ,,436.91  
28/04/2025,Expense,,,,ANZ Cash Management,,283.00  ,153.91  
30/04/2025,Deposit,,ANZ Bank,,ANZ Cash Management,0.02  ,,153.93  
01/05/2025,Deposit,,,,ANZ Cash Management,"50,000.00  ",,"50,153.93  "
07/05/2025,Deposit,,,,ANZ Cash Management,"50,000.00  ",,"100,153.93  "
08/05/2025,Transfer,,,null,ANZ Cash Management,,"100,000.00  ",153.93  
12/05/2025,Transfer,,,,ANZ Cash Management,,"50,000.00  ","-49,846.07  "
12/05/2025,Transfer,,,,ANZ Cash Management,"200,000.00  ",,"150,153.93  "
12/05/2025,Deposit,,,ANZ INTERNET BANKING FUNDS TFER         TRANSFER 407275  FROM       904758893,ANZ Cash Management,,"150,000.00  ",153.93  
13/05/2025,Transfer,,,,ANZ Cash Management,,"50,000.00  ","-49,846.07  "
13/05/2025,Transfer,,,,ANZ Cash Management,"50,000.00  ",,153.93  
14/05/2025,Expense,,Intuit,,ANZ Cash Management,,29.00  ,124.93  
14/05/2025,Transfer,,,,ANZ Cash Management,,"50,000.00  ","-49,875.07  "
14/05/2025,Transfer,,,,ANZ Cash Management,"50,000.00  ",,124.93  
16/05/2025,Transfer,,,,ANZ Cash Management,650.00  ,,774.93  
16/05/2025,Transfer,,,,ANZ Cash Management,"50,000.00  ",,"50,774.93  "
16/05/2025,Transfer,,,,ANZ Cash Management,,"50,000.00  ",774.93  
16/05/2025,Expense,,,,ANZ Cash Management,,612.16  ,162.77  
30/05/2025,Deposit,,ANZ Bank,,ANZ Cash Management,0.11  ,,162.88  
13/06/2025,Expense,,Intuit,,ANZ Cash Management,,29.00  ,133.88  
14/07/2025,Expense,,Intuit,,ANZ Cash Management,,29.00  ,104.88  
13/08/2025,Expense,,Intuit,,ANZ Cash Management,,29.00  ,75.88  
28/08/2025,Transfer,,,,ANZ Cash Management,300.00  ,,375.88  
12/09/2025,Expense,,Intuit,,ANZ Cash Management,,286.33  ,89.55  
,,,,,,"A$5,906,991.16  ","A$5,906,901.61  ",
,,,,,,,,
28/11/2006,Journal Entry,9,,,Commonwealth Direct Investment,"5,000.00  ",,"5,000.00  "
18/12/2006,Journal Entry,8,,Tax Refund for 2005/06,Commonwealth Direct Investment,63.60  ,,"5,063.60  "
02/01/2007,Journal Entry,9,,Deposit,Commonwealth Direct Investment,14.84  ,,"5,078.44  "
02/04/2007,Journal Entry,10,,Deposit,Commonwealth Direct Investment,53.84  ,,"5,132.28  "
26/04/2007,Journal Entry,10,,,Commonwealth Direct Investment,250.00  ,,"5,382.28  "
30/04/2007,Cheque Expense,,Australian Taxation Office,,Commonwealth Direct Investment,,20.00  ,"5,362.28  "
24/05/2007,Cheque Expense,,ASIC,,Commonwealth Direct Investment,,212.00  ,"5,150.28  "
24/06/2007,Cheque Expense,,ASIC,Overpayment of ASIC company registration fees,Commonwealth Direct Investment,,212.00  ,"4,938.28  "
02/07/2007,Journal Entry,11,,Deposit,Commonwealth Direct Investment,32.18  ,,"4,970.46  "
29/10/2007,Cheque Expense,,Australian Taxation Office,,Commonwealth Direct Investment,,9.00  ,"4,961.46  "
29/10/2007,Journal Entry,12,,,Commonwealth Direct Investment,300.00  ,,"5,261.46  "
31/12/2007,Journal Entry,12,,Income Tax Refund,Commonwealth Direct Investment,9.20  ,,"5,270.66  "
02/01/2008,Journal Entry,13,,Deposit,Commonwealth Direct Investment,42.79  ,,"5,313.45  "
01/04/2008,Journal Entry,14,,Deposit,Commonwealth Direct Investment,62.96  ,,"5,376.41  "
01/07/2008,Journal Entry,15,,Deposit,Commonwealth Direct Investment,68.36  ,,"5,444.77  "
01/10/2008,Journal Entry,16,,Deposit,Commonwealth Direct Investment,69.12  ,,"5,513.89  "
11/11/2008,Cheque Expense,,Australian Taxation Office,,Commonwealth Direct Investment,,20.00  ,"5,493.89  "
02/01/2009,Journal Entry,17,,Deposit,Commonwealth Direct Investment,46.64  ,,"5,540.53  "
12/01/2009,Journal Entry,22,,,Commonwealth Direct Investment,"1,552.63  ",,"7,093.16  "
31/01/2009,Journal Entry,23,,,Commonwealth Direct Investment,,"2,000.00  ","5,093.16  "
03/03/2009,Cheque Expense,,Australian Taxation Office,,Commonwealth Direct Investment,,20.00  ,"5,073.16  "
01/04/2009,Journal Entry,24,,Deposit,Commonwealth Direct Investment,21.20  ,,"5,094.36  "
01/07/2009,Journal Entry,25,,Deposit,Commonwealth Direct Investment,11.07  ,,"5,105.43  "
01/10/2009,Journal Entry,25,,Deposit,Commonwealth Direct Investment,10.94  ,,"5,116.37  "
04/01/2010,Journal Entry,26,,Deposit,Commonwealth Direct Investment,17.10  ,,"5,133.47  "
01/04/2010,Journal Entry,27,,Deposit,Commonwealth Direct Investment,20.52  ,,"5,153.99  "
23/06/2010,Journal Entry,31,,,Commonwealth Direct Investment,"58,569.66  ",,"63,723.65  "
23/06/2010,Journal Entry,32,,,Commonwealth Direct Investment,"318,053.94  ",,"381,777.59  "
29/06/2010,Cheque Expense,,Transfer Money,,Commonwealth Direct Investment,,"5,000.00  ","376,777.59  "
01/07/2010,Cheque Expense,,Commbank,,Commonwealth Direct Investment,,1.00  ,"376,776.59  "
01/07/2010,Journal Entry,34,,Deposit,Commonwealth Direct Investment,277.97  ,,"377,054.56  "
04/07/2010,Journal Entry,33,,,Commonwealth Direct Investment,,"20,000.00  ","357,054.56  "
04/07/2010,Journal Entry,33,,,Commonwealth Direct Investment,,"20,000.00  ","337,054.56  "
04/07/2010,Journal Entry,33,,,Commonwealth Direct Investment,,"260,000.00  ","77,054.56  "
08/07/2010,Journal Entry,37,,,Commonwealth Direct Investment,,"1,000.00  ","76,054.56  "
12/07/2010,Journal Entry,38,,,Commonwealth Direct Investment,,"76,000.00  ",54.56  
21/07/2010,Cheque Expense,,Transfer Money,,Commonwealth Direct Investment,"16,000.00  ",,"16,054.56  "
28/07/2010,Cheque Expense,,Australian Taxation Office,,Commonwealth Direct Investment,,"15,959.00  ",95.56  
02/08/2010,Cheque Expense,,Commbank,,Commonwealth Direct Investment,,1.00  ,94.56  
17/08/2010,Cheque Expense,,Transfer Money,,Commonwealth Direct Investment,,94.56  ,0.00  
18/08/2010,Cheque Expense,,Cash Withdrawal,,Commonwealth Direct Investment,,215.78  ,-215.78  
18/08/2010,Journal Entry,43,,Deposit,Commonwealth Direct Investment,215.78  ,,0.00  
,,,,,,"A$400,764.34  ","A$400,764.34  ",
,,,,,,,,
29/06/2010,Cheque Expense,,Transfer Money,,ING Business Optimiser,"5,000.00  ",,"5,000.00  "
30/06/2010,Journal Entry,35,,Deposit,ING Business Optimiser,1.34  ,,"5,001.34  "
30/06/2010,Journal Entry,36,,Deposit,ING Business Optimiser,0.34  ,,"5,001.68  "
08/07/2010,Journal Entry,37,,Deposit,ING Business Optimiser,"1,000.00  ",,"6,001.68  "
12/07/2010,Journal Entry,38,,Deposit,ING Business Optimiser,"76,000.00  ",,"82,001.68  "
21/07/2010,Cheque Expense,,Transfer Money,,ING Business Optimiser,,"16,000.00  ","66,001.68  "
31/07/2010,Journal Entry,39,,Deposit,ING Business Optimiser,216.35  ,,"66,218.03  "
31/07/2010,Journal Entry,40,,Deposit,ING Business Optimiser,54.76  ,,"66,272.79  "
31/08/2010,Journal Entry,48,,Deposit,ING Business Optimiser,70.36  ,,"66,343.15  "
31/08/2010,Journal Entry,47,,Deposit,ING Business Optimiser,275.80  ,,"66,618.95  "
27/09/2010,Journal Entry,49,,Deposit,ING Business Optimiser,"55,000.00  ",,"121,618.95  "
30/09/2010,Journal Entry,51,,Deposit,ING Business Optimiser,79.75  ,,"121,698.70  "
30/09/2010,Journal Entry,50,,Deposit,ING Business Optimiser,312.60  ,,"122,011.30  "
31/10/2010,Journal Entry,68,,Deposit,ING Business Optimiser,129.53  ,,"122,140.83  "
31/10/2010,Journal Entry,67,,Deposit,ING Business Optimiser,507.77  ,,"122,648.60  "
15/11/2010,Cheque Expense,,Transfer Money,,ING Business Optimiser,"25,000.00  ",,"147,648.60  "
30/11/2010,Journal Entry,63,,Deposit,ING Business Optimiser,140.56  ,,"147,789.16  "
30/11/2010,Journal Entry,61,,Deposit,ING Business Optimiser,555.86  ,,"148,345.02  "
31/12/2010,Journal Entry,62,,Deposit,ING Business Optimiser,629.96  ,,"148,974.98  "
31/12/2010,Journal Entry,64,,Deposit,ING Business Optimiser,152.41  ,,"149,127.39  "
31/01/2011,Journal Entry,65,,Deposit,ING Business Optimiser,633.28  ,,"149,760.67  "
28/02/2011,Journal Entry,66,,Deposit,ING Business Optimiser,574.42  ,,"150,335.09  "
31/03/2011,Journal Entry,69,,Deposit,ING Business Optimiser,638.41  ,,"150,973.50  "
30/04/2011,Journal Entry,72,,Deposit,ING Business Optimiser,620.44  ,,"151,593.94  "
30/05/2011,Cheque Expense,,Transfer Money,,ING Business Optimiser,"60,000.00  ",,"211,593.94  "
31/05/2011,Journal Entry,42,,Deposit,ING Business Optimiser,668.41  ,,"212,262.35  "
30/06/2011,Journal Entry,44,,Deposit,ING Business Optimiser,872.31  ,,"213,134.66  "
01/07/2011,Cheque Expense,,Transfer Money,,ING Business Optimiser,,"75,000.00  ","138,134.66  "
31/07/2011,Journal Entry,48,,Deposit,ING Business Optimiser,586.60  ,,"138,721.26  "
09/08/2011,Cheque Expense,,Transfer Money,,ING Business Optimiser,"35,000.00  ",,"173,721.26  "
31/08/2011,Journal Entry,49,,Deposit,ING Business Optimiser,699.36  ,,"174,420.62  "
30/09/2011,Journal Entry,50,,Deposit,ING Business Optimiser,716.80  ,,"175,137.42  "
03/10/2011,Journal Entry,54,,,ING Business Optimiser,,"30,000.00  ","145,137.42  "
20/10/2011,Journal Entry,55,,,ING Business Optimiser,,"50,000.00  ","95,137.42  "
31/10/2011,Journal Entry,53,,Deposit,ING Business Optimiser,538.25  ,,"95,675.67  "
30/11/2011,Journal Entry,54,,Deposit,ING Business Optimiser,380.08  ,,"96,055.75  "
12/12/2011,Cheque Expense,,Transfer Money,,ING Business Optimiser,,"40,000.00  ","56,055.75  "
31/12/2011,Journal Entry,55,,Deposit,ING Business Optimiser,279.95  ,,"56,335.70  "
31/01/2012,Journal Entry,64,,Deposit,ING Business Optimiser,215.31  ,,"56,551.01  "
29/02/2012,Journal Entry,65,,Deposit,ING Business Optimiser,202.19  ,,"56,753.20  "
31/03/2012,Journal Entry,66,,Deposit,ING Business Optimiser,216.91  ,,"56,970.11  "
30/04/2012,Journal Entry,56,,Deposit,ING Business Optimiser,210.71  ,,"57,180.82  "
22/05/2012,Cheque Expense,1,Transfer Money,,ING Business Optimiser,,"40,000.00  ","17,180.82  "
31/05/2012,Journal Entry,57,,Deposit,ING Business Optimiser,152.77  ,,"17,333.59  "
30/06/2012,Journal Entry,58,,Deposit,ING Business Optimiser,56.75  ,,"17,390.34  "
31/07/2012,Journal Entry,72,,Deposit,ING Business Optimiser,55.39  ,,"17,445.73  "
31/08/2012,Journal Entry,73,,Deposit,ING Business Optimiser,55.56  ,,"17,501.29  "
24/09/2012,Journal Entry,70,,Deposit,ING Business Optimiser,"70,000.00  ",,"87,501.29  "
30/09/2012,Journal Entry,71,,Deposit,ING Business Optimiser,118.67  ,,"87,619.96  "
01/10/2012,Cheque Expense,,Transfer Money,,ING Business Optimiser,,"30,000.00  ","57,619.96  "
08/10/2012,Cheque Expense,,Transfer Money,,ING Business Optimiser,,"30,000.00  ","27,619.96  "
31/10/2012,Journal Entry,60,,Deposit,ING Business Optimiser,105.76  ,,"27,725.72  "
30/11/2012,Journal Entry,63,,Deposit,ING Business Optimiser,79.76  ,,"27,805.48  "
18/12/2012,Cheque Expense,,Transfer Money,,ING Business Optimiser,"41,242.74  ",,"69,048.22  "
31/12/2012,Journal Entry,64,,Deposit,ING Business Optimiser,132.82  ,,"69,181.04  "
02/01/2013,Cheque Expense,,Transfer Money,,ING Business Optimiser,,"15,000.00  ","54,181.04  "
03/01/2013,Journal Entry,67,,,ING Business Optimiser,,"30,000.00  ","24,181.04  "
03/01/2013,Journal Entry,59,,,ING Business Optimiser,,"20,000.00  ","4,181.04  "
31/01/2013,Journal Entry,70,,Deposit,ING Business Optimiser,21.78  ,,"4,202.82  "
28/02/2013,Journal Entry,69,,Deposit,ING Business Optimiser,10.48  ,,"4,213.30  "
31/03/2013,Journal Entry,68,,Deposit,ING Business Optimiser,11.63  ,,"4,224.93  "
02/04/2013,Cheque Expense,,Transfer Money,,ING Business Optimiser,"30,752.05  ",,"34,976.98  "
30/04/2013,Journal Entry,75,,Deposit,ING Business Optimiser,90.69  ,,"35,067.67  "
09/05/2013,Journal Entry,76,,Deposit,ING Business Optimiser,"55,000.00  ",,"90,067.67  "
15/05/2013,Cheque Expense,,Transfer Money,,ING Business Optimiser,,"80,000.00  ","10,067.67  "
31/05/2013,Journal Entry,79,,Deposit,ING Business Optimiser,84.08  ,,"10,151.75  "
30/06/2013,Journal Entry,80,,Deposit,ING Business Optimiser,25.03  ,,"10,176.78  "
31/07/2013,Journal Entry,81,,Deposit,ING Business Optimiser,25.93  ,,"10,202.71  "
13/08/2013,Cheque Expense,,Transfer Money,,ING Business Optimiser,808.77  ,,"11,011.48  "
31/08/2013,Journal Entry,71,,Deposit,ING Business Optimiser,25.55  ,,"11,037.03  "
30/09/2013,Journal Entry,72,,Deposit,ING Business Optimiser,24.95  ,,"11,061.98  "
31/10/2013,Journal Entry,66,,Deposit,ING Business Optimiser,25.84  ,,"11,087.82  "
30/11/2013,Journal Entry,78,,Deposit,ING Business Optimiser,25.06  ,,"11,112.88  "
16/12/2013,Cheque Expense,,Transfer Money,,ING Business Optimiser,"80,000.00  ",,"91,112.88  "
23/12/2013,Cheque Expense,,Transfer Money,,ING Business Optimiser,,"60,000.00  ","31,112.88  "
31/12/2013,Journal Entry,68,,Deposit,ING Business Optimiser,81.71  ,,"31,194.59  "
31/01/2014,Journal Entry,67,,Deposit,ING Business Optimiser,72.86  ,,"31,267.45  "
28/02/2014,Journal Entry,77,,Deposit,ING Business Optimiser,65.96  ,,"31,333.41  "
11/03/2014,Cheque Expense,,Transfer Money,,ING Business Optimiser,"50,000.00  ",,"81,333.41  "
31/03/2014,Journal Entry,85,,Deposit,ING Business Optimiser,152.29  ,,"81,485.70  "
30/04/2014,Journal Entry,93,,Deposit,ING Business Optimiser,184.18  ,,"81,669.88  "
31/05/2014,Journal Entry,66,,Deposit,ING Business Optimiser,190.75  ,,"81,860.63  "
23/06/2014,Cheque Expense,,Transfer Money,,ING Business Optimiser,"200,000.00  ",,"281,860.63  "
23/06/2014,Cheque Expense,,Transfer Money,,ING Business Optimiser,"200,000.00  ",,"481,860.63  "
23/06/2014,Cheque Expense,,Transfer Money,,ING Business Optimiser,,"70,000.00  ","411,860.63  "
30/06/2014,Journal Entry,98,,Deposit,ING Business Optimiser,399.00  ,,"412,259.63  "
04/07/2014,Cheque Expense,,Transfer Money,,ING Business Optimiser,,"400,000.00  ","12,259.63  "
31/07/2014,Journal Entry,102,,Deposit,ING Business Optimiser,119.04  ,,"12,378.67  "
25/08/2014,Cheque Expense,,Transfer Money,,ING Business Optimiser,,"12,378.67  ",0.00  
31/08/2014,Journal Entry,103,,Deposit,ING Business Optimiser,22.38  ,,22.38  
01/09/2014,Journal Entry,104,,Deposit,ING Business Optimiser,"78,077.13  ",,"78,099.51  "
01/09/2014,Cheque Expense,,Transfer Money,Deposit,ING Business Optimiser,,"78,099.51  ",0.00  
08/09/2014,Cheque Expense,,Transfer Money,,ING Business Optimiser,,"59,000.00  ","-59,000.00  "
08/09/2014,Journal Entry,105,,Deposit,ING Business Optimiser,"83,302.26  ",,"24,302.26  "
22/09/2014,Journal Entry,112,,Deposit,ING Business Optimiser,"132,193.01  ",,"156,495.27  "
30/09/2014,Journal Entry,111,,Deposit,ING Business Optimiser,131.75  ,,"156,627.02  "
02/10/2014,Cheque Expense,,Transfer Money,,ING Business Optimiser,"403,254.79  ",,"559,881.81  "
31/10/2014,Journal Entry,116,,Deposit,ING Business Optimiser,"1,277.29  ",,"561,159.10  "
30/11/2014,Journal Entry,115,,Deposit,ING Business Optimiser,"1,268.37  ",,"562,427.47  "
11/12/2014,Journal Entry,117,,,ING Business Optimiser,,"562,427.47  ",0.00  
31/12/2014,Journal Entry,120,,Deposit,ING Business Optimiser,423.75  ,,423.75  
31/01/2015,Cheque Expense,,Transfer Money,,ING Business Optimiser,"225,000.00  ",,"225,423.75  "
31/01/2015,Journal Entry,127,,Deposit,ING Business Optimiser,17.94  ,,"225,441.69  "
05/02/2015,Cheque Expense,,Transfer Money,,ING Business Optimiser,,"225,000.00  ",441.69  
28/02/2015,Journal Entry,125,,Deposit,ING Business Optimiser,68.67  ,,510.36  
31/03/2015,Journal Entry,126,,Deposit,ING Business Optimiser,1.08  ,,511.44  
30/04/2015,Journal Entry,67,,Deposit,ING Business Optimiser,1.05  ,,512.49  
31/05/2015,Journal Entry,68,,Deposit,ING Business Optimiser,1.00  ,,513.49  
30/06/2015,Journal Entry,76,,Deposit,ING Business Optimiser,0.95  ,,514.44  
31/07/2015,Journal Entry,77,,Deposit,ING Business Optimiser,0.98  ,,515.42  
04/08/2015,Cheque Expense,,Transfer Money,,ING Business Optimiser,"228,772.60  ",,"229,288.02  "
31/08/2015,Journal Entry,75,,Deposit,ING Business Optimiser,395.85  ,,"229,683.87  "
30/09/2015,Journal Entry,78,,Deposit,ING Business Optimiser,424.76  ,,"230,108.63  "
30/10/2015,Journal Entry,79,,Deposit,ING Business Optimiser,439.73  ,,"230,548.36  "
30/11/2015,Journal Entry,80,,Deposit,ING Business Optimiser,426.36  ,,"230,974.72  "
30/12/2015,Cheque Expense,,Transfer Money,,ING Business Optimiser,"49,000.00  ",,"279,974.72  "
31/12/2015,Journal Entry,84,,Deposit,ING Business Optimiser,447.42  ,,"280,422.14  "
06/01/2016,Cheque Expense,,Transfer Money,,ING Business Optimiser,"50,000.00  ",,"330,422.14  "
31/01/2016,Journal Entry,85,,Deposit,ING Business Optimiser,616.01  ,,"331,038.15  "
29/02/2016,Journal Entry,86,,Deposit,ING Business Optimiser,591.79  ,,"331,629.94  "
31/03/2016,Journal Entry,87,,Deposit,ING Business Optimiser,633.73  ,,"332,263.67  "
11/04/2016,Journal Entry,88,,,ING Business Optimiser,,"1,000.00  ","331,263.67  "
30/04/2016,Journal Entry,90,,Deposit,ING Business Optimiser,613.17  ,,"331,876.84  "
31/05/2016,Journal Entry,91,,Deposit,ING Business Optimiser,575.10  ,,"332,451.94  "
30/06/2016,Journal Entry,93,,Deposit,ING Business Optimiser,546.50  ,,"332,998.44  "
09/07/2016,Cheque Expense,,Transfer Money,,ING Business Optimiser,"17,000.00  ",,"349,998.44  "
31/07/2016,Journal Entry,94,,Deposit,ING Business Optimiser,589.86  ,,"350,588.30  "
08/08/2016,Cheque Expense,,Transfer Money,,ING Business Optimiser,,"150,000.00  ","200,588.30  "
09/08/2016,Cheque Expense,,Transfer Money,,ING Business Optimiser,"14,000.00  ",,"214,588.30  "
15/08/2016,Journal Entry,98,,,ING Business Optimiser,,"10,000.00  ","204,588.30  "
17/08/2016,Journal Entry,99,,,ING Business Optimiser,,"50,000.00  ","154,588.30  "
22/08/2016,Cheque Expense,,Transfer Money,,ING Business Optimiser,"27,000.00  ",,"181,588.30  "
31/08/2016,Journal Entry,103,,Deposit,ING Business Optimiser,344.95  ,,"181,933.25  "
15/09/2016,Journal Entry,101,,,ING Business Optimiser,,"30,000.00  ","151,933.25  "
17/09/2016,Journal Entry,105,,Deposit,ING Business Optimiser,"17,000.00  ",,"168,933.25  "
30/09/2016,Journal Entry,104,,Deposit,ING Business Optimiser,238.67  ,,"169,171.92  "
17/10/2016,Journal Entry,106,,Deposit,ING Business Optimiser,"20,000.00  ",,"189,171.92  "
31/10/2016,Journal Entry,107,,Deposit,ING Business Optimiser,231.12  ,,"189,403.04  "
11/11/2016,Journal Entry,108,,Deposit,ING Business Optimiser,"3,000.00  ",,"192,403.04  "
11/11/2016,Cheque Expense,,Transfer Money,,ING Business Optimiser,,"6,000.00  ","186,403.04  "
30/11/2016,Journal Entry,109,,Deposit,ING Business Optimiser,246.45  ,,"186,649.49  "
05/12/2016,Cheque Expense,,Transfer Money,,ING Business Optimiser,,"50,000.00  ","136,649.49  "
06/12/2016,Cheque Expense,,Transfer Money,,ING Business Optimiser,,"50,000.00  ","86,649.49  "
22/12/2016,Cheque Expense,,Transfer Money,,ING Business Optimiser,,"2,000.00  ","84,649.49  "
30/12/2016,Cheque Expense,,Transfer Money,,ING Business Optimiser,,"2,000.00  ","82,649.49  "
31/12/2016,Journal Entry,114,,Deposit,ING Business Optimiser,136.33  ,,"82,785.82  "
04/01/2017,Cheque Expense,,Transfer Money,,ING Business Optimiser,,"5,000.00  ","77,785.82  "
25/01/2017,Cheque Expense,,Transfer Money,,ING Business Optimiser,,"7,000.00  ","70,785.82  "
31/01/2017,Journal Entry,115,,Deposit,ING Business Optimiser,104.21  ,,"70,890.03  "
14/02/2017,Journal Entry,119,,,ING Business Optimiser,,"3,000.00  ","67,890.03  "
21/02/2017,Journal Entry,120,,,ING Business Optimiser,,"9,000.00  ","58,890.03  "
23/02/2017,Journal Entry,121,,,ING Business Optimiser,,"25,000.00  ","33,890.03  "
28/02/2017,Journal Entry,137,,Deposit,ING Business Optimiser,75.31  ,,"33,965.34  "
06/03/2017,Cheque Expense,,Transfer Money,,ING Business Optimiser,"152,545.89  ",,"186,511.23  "
13/03/2017,Journal Entry,124,,,ING Business Optimiser,,"3,000.00  ","183,511.23  "
15/03/2017,Journal Entry,125,,,ING Business Optimiser,,"50,000.00  ","133,511.23  "
20/03/2017,Journal Entry,126,,,ING Business Optimiser,,"50,000.00  ","83,511.23  "
31/03/2017,Journal Entry,117,,Deposit,ING Business Optimiser,153.74  ,,"83,664.97  "
31/03/2017,Journal Entry,127,,,ING Business Optimiser,,"5,000.00  ","78,664.97  "
03/04/2017,Journal Entry,116,,Deposit,ING Business Optimiser,"20,000.00  ",,"98,664.97  "
04/04/2017,Journal Entry,134,,Deposit,ING Business Optimiser,"12,000.00  ",,"110,664.97  "
22/04/2017,Cheque Expense,,Transfer Money,,ING Business Optimiser,,"2,000.00  ","108,664.97  "
30/04/2017,Journal Entry,135,,Deposit,ING Business Optimiser,140.52  ,,"108,805.49  "
03/05/2017,Cheque Expense,,Transfer Money,,ING Business Optimiser,,"3,000.00  ","105,805.49  "
05/05/2017,Cheque Expense,,ING Direct,,ING Business Optimiser,,"25,000.00  ","80,805.49  "
29/05/2017,Cheque Expense,,ING Direct,,ING Business Optimiser,,"3,000.00  ","77,805.49  "
31/05/2017,Journal Entry,136,,Deposit,ING Business Optimiser,106.93  ,,"77,912.42  "
14/06/2017,Cheque Expense,,Transfer Money,,ING Business Optimiser,,"3,000.00  ","74,912.42  "
30/06/2017,Journal Entry,143,,Deposit,ING Business Optimiser,93.96  ,,"75,006.38  "
21/07/2017,Cheque Expense,,Transfer Money,,ING Business Optimiser,"15,000.00  ",,"90,006.38  "
21/07/2017,Journal Entry,147,,Deposit,ING Business Optimiser,"1,400.00  ",,"91,406.38  "
31/07/2017,Journal Entry,148,,Deposit,ING Business Optimiser,102.97  ,,"91,509.35  "
10/08/2017,Journal Entry,151,,,ING Business Optimiser,,"10,000.00  ","81,509.35  "
10/08/2017,Journal Entry,150,,,ING Business Optimiser,,"4,000.00  ","77,509.35  "
14/08/2017,Journal Entry,152,,,ING Business Optimiser,,"50,000.00  ","27,509.35  "
18/08/2017,Journal Entry,153,,,ING Business Optimiser,,"27,000.00  ",509.35  
28/08/2017,Journal Entry,158,,Deposit,ING Business Optimiser,"1,700.00  ",,"2,209.35  "
31/08/2017,Journal Entry,159,,Deposit,ING Business Optimiser,51.68  ,,"2,261.03  "
30/09/2017,Journal Entry,199,,Deposit,ING Business Optimiser,2.79  ,,"2,263.82  "
11/10/2017,Journal Entry,182,,,ING Business Optimiser,,"2,250.00  ",13.82  
31/10/2017,Journal Entry,201,,Deposit,ING Business Optimiser,0.94  ,,14.76  
30/11/2017,Journal Entry,202,,Deposit,ING Business Optimiser,0.02  ,,14.78  
31/12/2017,Journal Entry,203,,Deposit,ING Business Optimiser,0.02  ,,14.80  
31/01/2018,Journal Entry,204,,Deposit,ING Business Optimiser,0.02  ,,14.82  
28/02/2018,Journal Entry,205,,Deposit,ING Business Optimiser,0.02  ,,14.84  
31/03/2018,Journal Entry,206,,Deposit,ING Business Optimiser,0.02  ,,14.86  
30/04/2018,Journal Entry,96,,Deposit,ING Business Optimiser,0.02  ,,14.88  
31/05/2018,Journal Entry,93,,Deposit,ING Business Optimiser,0.02  ,,14.90  
30/06/2018,Journal Entry,107,,Deposit,ING Business Optimiser,0.02  ,,14.92  
31/07/2018,Journal Entry,108,,Deposit,ING Business Optimiser,0.02  ,,14.94  
31/08/2018,Journal Entry,109,,Deposit,ING Business Optimiser,0.02  ,,14.96  
30/09/2018,Journal Entry,110,,Deposit,ING Business Optimiser,0.02  ,,14.98  
31/10/2018,Journal Entry,111,,Deposit,ING Business Optimiser,0.02  ,,15.00  
30/11/2018,Journal Entry,112,,Deposit,ING Business Optimiser,0.02  ,,15.02  
31/12/2018,Journal Entry,113,,Deposit,ING Business Optimiser,0.02  ,,15.04  
31/01/2019,Journal Entry,114,,Deposit,ING Business Optimiser,0.02  ,,15.06  
28/02/2019,Journal Entry,120,,Deposit,ING Business Optimiser,0.02  ,,15.08  
22/03/2019,Cheque Expense,,Transfer Money,,ING Business Optimiser,"21,000.00  ",,"21,015.08  "
25/03/2019,Cheque Expense,,Transfer Money,,ING Business Optimiser,"2,000.00  ",,"23,015.08  "
31/03/2019,Journal Entry,100,,Deposit,ING Business Optimiser,9.22  ,,"23,024.30  "
26/04/2019,Journal Entry,162,,Deposit,ING Business Optimiser,"40,000.00  ",,"63,024.30  "
29/04/2019,Journal Entry,101,,Deposit,ING Business Optimiser,"13,000.00  ",,"76,024.30  "
30/04/2019,Journal Entry,119,,Deposit,ING Business Optimiser,37.67  ,,"76,061.97  "
06/05/2019,Journal Entry,116,,,ING Business Optimiser,,"60,000.00  ","16,061.97  "
09/05/2019,Journal Entry,117,,,ING Business Optimiser,,"15,000.00  ","1,061.97  "
27/05/2019,Cheque Expense,,Transfer Money,,ING Business Optimiser,,"1,000.00  ",61.97  
31/05/2019,Deposit,,,,ING Business Optimiser,18.37  ,,80.34  
30/06/2019,Deposit,,ING Direct,,ING Business Optimiser,0.09  ,,80.43  
31/07/2019,Deposit,,,,ING Business Optimiser,0.07  ,,80.50  
31/08/2019,Deposit,,,,ING Business Optimiser,0.07  ,,80.57  
30/09/2019,Deposit,,,,ING Business Optimiser,0.07  ,,80.64  
31/10/2019,Deposit,,,,ING Business Optimiser,0.06  ,,80.70  
30/11/2019,Deposit,,,,ING Business Optimiser,0.05  ,,80.75  
31/12/2019,Deposit,,,,ING Business Optimiser,0.05  ,,80.80  
31/01/2020,Deposit,,,,ING Business Optimiser,0.05  ,,80.85  
29/02/2020,Deposit,,,,ING Business Optimiser,0.05  ,,80.90  
31/03/2020,Deposit,,,,ING Business Optimiser,0.04  ,,80.94  
30/04/2020,Deposit,,,,ING Business Optimiser,0.02  ,,80.96  
31/05/2020,Deposit,,,,ING Business Optimiser,0.02  ,,80.98  
30/06/2020,Deposit,,,,ING Business Optimiser,0.02  ,,81.00  
31/07/2020,Deposit,,,,ING Business Optimiser,0.02  ,,81.02  
31/08/2020,Deposit,,,,ING Business Optimiser,0.02  ,,81.04  
30/09/2020,Deposit,,,,ING Business Optimiser,0.02  ,,81.06  
31/10/2020,Deposit,,,,ING Business Optimiser,0.02  ,,81.08  
30/11/2020,Deposit,,,,ING Business Optimiser,0.01  ,,81.09  
31/12/2020,Deposit,,,,ING Business Optimiser,0.01  ,,81.10  
31/01/2021,Deposit,,,,ING Business Optimiser,0.01  ,,81.11  
28/02/2021,Deposit,,,,ING Business Optimiser,0.01  ,,81.12  
31/03/2021,Deposit,,,,ING Business Optimiser,0.01  ,,81.13  
30/04/2021,Deposit,,,,ING Business Optimiser,0.01  ,,81.14  
31/05/2021,Deposit,,,,ING Business Optimiser,0.01  ,,81.15  
30/06/2021,Deposit,,,,ING Business Optimiser,0.01  ,,81.16  
31/07/2021,Deposit,,,,ING Business Optimiser,0.01  ,,81.17  
31/08/2021,Deposit,,,,ING Business Optimiser,0.01  ,,81.18  
30/09/2021,Deposit,,,,ING Business Optimiser,0.01  ,,81.19  
31/10/2021,Deposit,,,,ING Business Optimiser,0.01  ,,81.20  
30/11/2021,Deposit,,,,ING Business Optimiser,0.01  ,,81.21  
31/12/2021,Deposit,,,,ING Business Optimiser,0.01  ,,81.22  
31/01/2022,Deposit,,,,ING Business Optimiser,0.01  ,,81.23  
28/02/2022,Deposit,,,,ING Business Optimiser,0.01  ,,81.24  
31/03/2022,Deposit,,,,ING Business Optimiser,0.01  ,,81.25  
30/04/2022,Deposit,,,,ING Business Optimiser,0.01  ,,81.26  
31/05/2022,Journal Entry,73,,,ING Business Optimiser,0.02  ,,81.28  
28/06/2022,Transfer,,,,ING Business Optimiser,,81.28  ,0.00  
,,,,,,"A$2,636,236.93  ","A$2,636,236.93  ",
,,,,,,,,
12/12/2011,Cheque Expense,,Transfer Money,,ING Term Deposits,"40,000.00  ",,"40,000.00  "
12/03/2012,Journal Entry,63,,Deposit,ING Term Deposits,568.44  ,,"40,568.44  "
22/05/2012,Cheque Expense,1,Transfer Money,,ING Term Deposits,"40,000.00  ",,"80,568.44  "
01/10/2012,Cheque Expense,,Transfer Money,,ING Term Deposits,"30,000.00  ",,"110,568.44  "
07/10/2012,Journal Entry,74,,Deposit,ING Term Deposits,"1,353.76  ",,"111,922.20  "
08/10/2012,Cheque Expense,,Transfer Money,,ING Term Deposits,"30,000.00  ",,"141,922.20  "
18/12/2012,Cheque Expense,,Transfer Money,,ING Term Deposits,,"41,242.74  ","100,679.46  "
18/12/2012,Journal Entry,62,,Deposit,ING Term Deposits,"1,242.74  ",,"101,922.20  "
02/04/2013,Cheque Expense,,Transfer Money,,ING Term Deposits,,"30,752.05  ","71,170.15  "
02/04/2013,Journal Entry,66,,Deposit,ING Term Deposits,752.05  ,,"71,922.20  "
08/04/2013,Journal Entry,67,,Deposit,ING Term Deposits,"1,828.99  ",,"73,751.19  "
15/05/2013,Cheque Expense,,Transfer Money,,ING Term Deposits,"80,000.00  ",,"153,751.19  "
12/08/2013,Journal Entry,75,,Deposit,ING Term Deposits,808.77  ,,"154,559.96  "
13/08/2013,Cheque Expense,,Transfer Money,,ING Term Deposits,,808.77  ,"153,751.19  "
03/11/2013,Journal Entry,76,,Deposit,ING Term Deposits,"1,951.88  ",,"155,703.07  "
10/11/2013,Journal Entry,74,,Deposit,ING Term Deposits,769.32  ,,"156,472.39  "
23/12/2013,Cheque Expense,,Transfer Money,,ING Term Deposits,"60,000.00  ",,"216,472.39  "
23/03/2014,Journal Entry,86,,Deposit,ING Term Deposits,538.52  ,,"217,010.91  "
01/06/2014,Journal Entry,96,,Deposit,ING Term Deposits,"1,698.65  ",,"218,709.56  "
08/06/2014,Journal Entry,95,,Deposit,ING Term Deposits,"1,812.33  ",,"220,521.89  "
22/06/2014,Journal Entry,94,,Deposit,ING Term Deposits,543.35  ,,"221,065.24  "
23/06/2014,Cheque Expense,,Transfer Money,,ING Term Deposits,"70,000.00  ",,"291,065.24  "
04/07/2014,Cheque Expense,,Transfer Money,,ING Term Deposits,"400,000.00  ",,"691,065.24  "
01/09/2014,Journal Entry,104,,,ING Term Deposits,,"78,077.13  ","612,988.11  "
01/09/2014,Journal Entry,106,,Deposit,ING Term Deposits,675.41  ,,"613,663.52  "
08/09/2014,Journal Entry,105,,,ING Term Deposits,,"83,302.26  ","530,361.26  "
08/09/2014,Journal Entry,107,,Deposit,ING Term Deposits,720.61  ,,"531,081.87  "
22/09/2014,Journal Entry,114,,Deposit,ING Term Deposits,"1,111.14  ",,"532,193.01  "
22/09/2014,Journal Entry,112,,,ING Term Deposits,,"132,193.01  ","400,000.00  "
02/10/2014,Journal Entry,113,,Deposit,ING Term Deposits,"3,254.79  ",,"403,254.79  "
02/10/2014,Cheque Expense,,Transfer Money,,ING Term Deposits,,"403,254.79  ",0.00  
05/02/2015,Cheque Expense,,Transfer Money,,ING Term Deposits,"225,000.00  ",,"225,000.00  "
04/08/2015,Cheque Expense,,Transfer Money,,ING Term Deposits,,"228,772.60  ","-3,772.60  "
04/08/2015,Journal Entry,74,,Deposit,ING Term Deposits,"3,772.60  ",,0.00  
08/08/2016,Cheque Expense,,Transfer Money,,ING Term Deposits,"150,000.00  ",,"150,000.00  "
06/03/2017,Cheque Expense,,Transfer Money,,ING Term Deposits,,"152,545.89  ","-2,545.89  "
06/03/2017,Journal Entry,133,,Deposit,ING Term Deposits,"2,545.89  ",,0.00  
,,,,,,"A$1,150,949.24  ","A$1,150,949.24  ",
,,,,,,,,
23/03/2020,Expense,,Josephine McLaren,EB 13644                                TO 310837,Loan to Josephine McLaren,"250,000.00  ",,"250,000.00  "
28/04/2020,Journal Entry,42,,,Loan to Josephine McLaren,,"10,000.00  ","240,000.00  "
21/08/2020,Transfer,,,,Loan to Josephine McLaren,,"240,000.00  ",0.00  
,,,,,,"A$250,000.00  ","A$250,000.00  ",
,,,,,,,,
11/08/2017,Journal Entry,69,,Buy 180 CBAPE @ $106.55 (Brokerage : $59.46),Commsec Aust Shares,,"19,238.46  ","-19,238.46  "
15/08/2017,Cheque Expense,,Transfer Money,,Commsec Aust Shares,"25,000.00  ",,"5,761.54  "
18/08/2017,Cheque Expense,,Transfer Money,,Commsec Aust Shares,"25,000.00  ",,"30,761.54  "
21/08/2017,Cheque Expense,,Transfer Money,,Commsec Aust Shares,"27,000.00  ",,"57,761.54  "
22/08/2017,Journal Entry,70,,Buy 200 WBCPG @ $105.95 (Brokerage : $65.68),Commsec Aust Shares,,"21,255.68  ","36,505.86  "
23/08/2017,Journal Entry,71,,Buy 200 NABPD @ $106.95 (Brokerage : $66.31),Commsec Aust Shares,,"21,456.31  ","15,049.55  "
23/08/2017,Cheque Expense,,Transfer Money,,Commsec Aust Shares,"70,053.44  ",,"85,102.99  "
23/08/2017,Journal Entry,72,,Buy 400 ANZPG @ $105.75 (Brokerage : $131.12),Commsec Aust Shares,,"42,431.12  ","42,671.87  "
23/08/2017,Journal Entry,74,,Buy 200 NABPD @ $106.90 (Brokerage : 66.28),Commsec Aust Shares,,"21,446.28  ","21,225.59  "
23/08/2017,Journal Entry,73,,Buy 200 WBCPG @ $105.80 (Brokerage : 65.69),Commsec Aust Shares,,"21,225.59  ",0.00  
05/09/2017,Journal Entry,76,,Buy 220 CBAPE  @ $104.40 (Brokerage $73.24),Commsec Aust Shares,,"23,701.24  ","-23,701.24  "
07/09/2017,Cheque Expense,,Transfer Money,,Commsec Aust Shares,"23,701.24  ",,0.00  
15/09/2017,Journal Entry,178,,,Commsec Aust Shares,,488.40  ,-488.40  
15/09/2017,Journal Entry,77,,,Commsec Aust Shares,488.40  ,,0.00  
20/09/2017,Journal Entry,78,,,Commsec Aust Shares,453.08  ,,453.08  
20/09/2017,Journal Entry,179,,,Commsec Aust Shares,,453.08  ,0.00  
02/10/2017,Journal Entry,180,,,Commsec Aust Shares,,466.52  ,-466.52  
02/10/2017,Journal Entry,79,,,Commsec Aust Shares,466.52  ,,0.00  
09/10/2017,Journal Entry,181,,,Commsec Aust Shares,,479.88  ,-479.88  
09/10/2017,Journal Entry,80,,,Commsec Aust Shares,479.88  ,,0.00  
15/12/2017,Journal Entry,185,,,Commsec Aust Shares,,483.08  ,-483.08  
15/12/2017,Journal Entry,81,,,Commsec Aust Shares,483.08  ,,0.00  
20/12/2017,Journal Entry,186,,,Commsec Aust Shares,,447.48  ,-447.48  
20/12/2017,Journal Entry,82,,,Commsec Aust Shares,447.48  ,,0.00  
02/01/2018,Journal Entry,83,,,Commsec Aust Shares,461.44  ,,461.44  
02/01/2018,Journal Entry,187,,,Commsec Aust Shares,,461.44  ,0.00  
08/01/2018,Journal Entry,84,,,Commsec Aust Shares,463.88  ,,463.88  
08/01/2018,Journal Entry,188,,,Commsec Aust Shares,,463.88  ,0.00  
15/03/2018,Journal Entry,85,,,Commsec Aust Shares,481.20  ,,481.20  
15/03/2018,Journal Entry,190,,,Commsec Aust Shares,,481.20  ,0.00  
20/03/2018,Journal Entry,86,,,Commsec Aust Shares,448.44  ,,448.44  
20/03/2018,Journal Entry,191,,,Commsec Aust Shares,,448.44  ,0.00  
22/03/2018,Journal Entry,87,,Buy 150 CBAPE @ $104.90 (Brokerage $48.77),Commsec Aust Shares,,"15,783.77  ","-15,783.77  "
26/03/2018,Journal Entry,195,,,Commsec Aust Shares,,"41,072.29  ","-56,856.06  "
26/03/2018,Cheque Expense,,Transfer Money,,Commsec Aust Shares,"15,783.77  ",,"-41,072.29  "
27/03/2018,Journal Entry,88,,Sell 400 WBCPG @ $103.00 (Brokerage $127.71),Commsec Aust Shares,"41,072.29  ",,0.00  
03/04/2018,Journal Entry,198,,,Commsec Aust Shares,,461.88  ,-461.88  
03/04/2018,Journal Entry,88,,,Commsec Aust Shares,461.88  ,,0.00  
09/04/2018,Journal Entry,89,,,Commsec Aust Shares,471.56  ,,471.56  
09/04/2018,Journal Entry,197,,,Commsec Aust Shares,,471.56  ,0.00  
15/06/2018,Journal Entry,91,,,Commsec Aust Shares,694.32  ,,694.32  
15/06/2018,Journal Entry,91,,,Commsec Aust Shares,,694.32  ,0.00  
27/06/2018,Journal Entry,92,,Buy 300 WBCPG @ 104.17 (Brokerage $96.88),Commsec Aust Shares,,"31,347.88  ","-31,347.88  "
29/06/2018,Journal Entry,94,,Deposit,Commsec Aust Shares,"31,347.88  ",,0.00  
06/07/2018,Journal Entry,98,,Buy 300 CBAPE @ $105.15 (Brokerage $97.78),Commsec Aust Shares,,"31,642.78  ","-31,642.78  "
06/07/2018,Cheque Expense,,Transfer Money,,Commsec Aust Shares,"31,642.78  ",,0.00  
24/07/2018,Cheque Expense,,Transfer Money,,Commsec Aust Shares,"31,597.62  ",,"31,597.62  "
25/07/2018,Journal Entry,100,,Buy 300 WBCPG @ $105.00 (Brokerage $97.65),Commsec Aust Shares,,"31,597.62  ",0.00  
14/12/2018,Journal Entry,103,,,Commsec Aust Shares,,"15,637.82  ","-15,637.82  "
14/12/2018,Journal Entry,103,,,Commsec Aust Shares,,"15,731.11  ","-31,368.93  "
18/12/2018,Cheque Expense,,Transfer Money,,Commsec Aust Shares,"31,368.93  ",,0.00  
26/02/2019,Cheque Expense,,NAB Hybrid Application,,Commsec Aust Shares,"50,000.00  ",,"50,000.00  "
21/03/2019,Journal Entry,107,,Buy 340 NABPF (no brokerage),Commsec Aust Shares,,"34,000.00  ","16,000.00  "
21/03/2019,Journal Entry,108,,,Commsec Aust Shares,,"16,000.00  ",0.00  
13/08/2019,Journal Entry,115,,,Commsec Aust Shares,"48,189.16  ",,"48,189.16  "
13/08/2019,Journal Entry,116,,,Commsec Aust Shares,,"48,189.16  ",0.00  
05/11/2019,Expense,,,ANZ INTERNET BANKING BPAY CBA PERLS XII OFFE {308170},Commsec Aust Shares,"30,000.00  ",,"30,000.00  "
14/11/2019,Journal Entry,31,,Subscribe to 300 CBAPI Hybrids @ $100.00 (no brokerage),Commsec Aust Shares,,"30,000.00  ",0.00  
29/11/2021,Journal Entry,61,,"Buy 150,000 VRS @ $0.059 (Brokerage $29.95)",Commsec Aust Shares,"8,879.95  ",,"8,879.95  "
06/12/2021,Journal Entry,62,,"Buy 100,000 VRS @ $0.057 (Brokerage $29.95)",Commsec Aust Shares,"5,729.95  ",,"14,609.90  "
01/03/2022,Journal Entry,63,,"Sell VRS 250,000 @ $0.072 (Brokerage $55.79)",Commsec Aust Shares,,"17,944.21  ","-3,334.31  "
01/03/2022,Journal Entry,63,,"Sell VRS 250,000 @ $0.072 (Brokerage $55.79)",Commsec Aust Shares,"3,334.31  ",,0.00  
02/05/2022,Journal Entry,64,,Buy SPDR S&P ASX : 1000 @ $14.75 (Brokerage : $45.73),Commsec Aust Shares,"14,795.73  ",,"14,795.73  "
18/05/2022,Journal Entry,69,,Buy 1000 CNEW @ $7.26 (Brokerage $29.95),Commsec Aust Shares,"7,289.95  ",,"22,085.68  "
29/06/2022,Expense,,,Buy 200 AGVT @ $41.97 (Brokerage $29.95),Commsec Aust Shares,"8,423.95  ",,"30,509.63  "
29/06/2022,Expense,,,Capital Loss on Shares OZR,Commsec Aust Shares,,622.81  ,"29,886.82  "
29/06/2022,Expense,,,Sell 500 OZR @ 13.61 (Brokerage $29.95),Commsec Aust Shares,,"6,775.05  ","23,111.77  "
30/06/2022,Journal Entry,72,,Distribution from CNEW - reduction in capital base for CNEW shares (see Tax Summary),Commsec Aust Shares,,47.65  ,"23,064.12  "
30/06/2022,Journal Entry,71,,Distrubtion from AGVT : Reduction in Cost Base (see Tax Summary),Commsec Aust Shares,,13.96  ,"23,050.16  "
20/01/2023,Journal Entry,100,,Transfer of OZR shares from Commsec to Interactive Brokers,Commsec Aust Shares,,"7,398.01  ","15,652.15  "
20/01/2023,Journal Entry,100,,Transfer of AGVT shares from Commsec to Interactive Brokers,Commsec Aust Shares,,"8,409.99  ","7,242.16  "
20/01/2023,Journal Entry,102,,Transfer of CNEW shares from Commsec to Interactive Brokers,Commsec Aust Shares,,"7,242.16  ",0.00  
,,,,,,"A$536,512.11  ","A$536,512.11  ",
,,,,,,,,
,,,,,,,,
30/06/2005,Journal Entry,2,,,Distribution Account:McLaren Williams Consulting,"184,126.39  ",,"184,126.39  "
15/02/2006,Journal Entry,3,,Payment of 2004/05 Income Tax,Distribution Account:McLaren Williams Consulting,,"45,238.10  ","138,888.29  "
28/02/2006,Journal Entry,5,,Payment of 2004/05 Income Tax,Distribution Account:McLaren Williams Consulting,,"10,000.00  ","128,888.29  "
30/06/2006,Journal Entry,7,,Deposit,Distribution Account:McLaren Williams Consulting,"183,000.00  ",,"311,888.29  "
28/07/2006,Journal Entry,7,,,Distribution Account:McLaren Williams Consulting,,"54,900.00  ","256,988.29  "
28/11/2006,Journal Entry,9,,,Distribution Account:McLaren Williams Consulting,,"5,000.00  ","251,988.29  "
26/04/2007,Journal Entry,10,,,Distribution Account:McLaren Williams Consulting,,250.00  ,"251,738.29  "
30/06/2007,Journal Entry,11,,Deposit,Distribution Account:McLaren Williams Consulting,"178,000.00  ",,"429,738.29  "
30/07/2007,Journal Entry,11,,,Distribution Account:McLaren Williams Consulting,,"53,346.00  ","376,392.29  "
29/10/2007,Journal Entry,12,,,Distribution Account:McLaren Williams Consulting,,300.00  ,"376,092.29  "
30/06/2008,Journal Entry,20,,,Distribution Account:McLaren Williams Consulting,,"16,202.00  ","359,890.29  "
28/07/2008,Journal Entry,18,,,Distribution Account:McLaren Williams Consulting,,"1,539.00  ","358,351.29  "
31/01/2009,Journal Entry,23,,Deposit,Distribution Account:McLaren Williams Consulting,"2,000.00  ",,"360,351.29  "
23/05/2009,Journal Entry,23,,,Distribution Account:McLaren Williams Consulting,,212.00  ,"360,139.29  "
30/06/2009,Journal Entry,24,,Deposit,Distribution Account:McLaren Williams Consulting,"76,215.95  ",,"436,355.24  "
30/06/2009,Journal Entry,24,,,Distribution Account:McLaren Williams Consulting,,"118,089.30  ","318,265.94  "
23/05/2010,Journal Entry,30,,,Distribution Account:McLaren Williams Consulting,,212.00  ,"318,053.94  "
23/06/2010,Journal Entry,32,,,Distribution Account:McLaren Williams Consulting,,"318,053.94  ",0.00  
30/06/2010,Journal Entry,33,,Deposit,Distribution Account:McLaren Williams Consulting,"26,773.26  ",,"26,773.26  "
03/11/2010,Journal Entry,35,,Sale of Subaru Forester via GA/JF McLaren,Distribution Account:McLaren Williams Consulting,,"21,000.00  ","5,773.26  "
03/11/2010,Journal Entry,37,,,Distribution Account:McLaren Williams Consulting,,"5,773.26  ",0.00  
30/06/2023,Journal Entry,107,,,Distribution Account:McLaren Williams Consulting,"9,176.00  ",,"9,176.00  "
28/05/2024,Journal Entry,158,,Move Consulting Distribution to Family Trust,Distribution Account:McLaren Williams Consulting,,"9,176.00  ",0.00  
,,,,,,"A$659,291.60  ","A$659,291.60  ",
,,,,,,"A$659,291.60  ","A$659,291.60  ",
,,,,,,,,
30/06/2022,Journal Entry,72,,Distribution from CNEW,Foreign Income Tax Offset,15.36  ,,15.36  
01/07/2022,Journal Entry,159,,Write off Foreign Tax Credit through Franking Account,Foreign Income Tax Offset,,15.36  ,0.00  
,,,,,,A$15.36  ,A$15.36  ,
,,,,,,,,
11/08/2022,Transfer,,,,Interactive Brokers,100.00  ,,100.00  
21/12/2022,Journal Entry,76,,,Interactive Brokers,"10,000.00  ",,"10,100.00  "
23/12/2022,Journal Entry,77,,Buy 240 AGVT @ $41.67,Interactive Brokers,,"10,008.40  ",91.60  
19/01/2023,Journal Entry,78,,AGVT,Interactive Brokers,26.30  ,,117.90  
17/02/2023,Journal Entry,79,,AGVT,Interactive Brokers,52.80  ,,170.70  
15/03/2023,Journal Entry,83,,CBA Hybrid,Interactive Brokers,306.39  ,,477.09  
15/03/2023,Journal Entry,87,,CBA Hybrid,Interactive Brokers,478.98  ,,956.07  
16/03/2023,Journal Entry,95,,AGVT,Interactive Brokers,44.97  ,,"1,001.04  "
17/03/2023,Journal Entry,85,,NAB Hybrid,Interactive Brokers,170.16  ,,"1,171.20  "
17/03/2023,Journal Entry,86,,NAB Hybrid,Interactive Brokers,428.76  ,,"1,599.96  "
20/03/2023,Journal Entry,81,,ANZ Hybrid,Interactive Brokers,900.77  ,,"2,500.73  "
20/03/2023,Journal Entry,82,,ANZ Hybrid,Interactive Brokers,942.83  ,,"3,443.56  "
21/03/2023,Journal Entry,88,,WBC Hybrid,Interactive Brokers,632.76  ,,"4,076.32  "
28/03/2023,Transfer,,,,Interactive Brokers,,"3,000.00  ","1,076.32  "
20/04/2023,Journal Entry,96,,AGVT,Interactive Brokers,51.95  ,,"1,128.27  "
16/05/2023,Journal Entry,97,,AGVT,Interactive Brokers,47.15  ,,"1,175.42  "
29/05/2023,Transfer,,,,Interactive Brokers,,"1,000.00  ",175.42  
15/06/2023,Journal Entry,84,,CBA Hybrid,Interactive Brokers,528.66  ,,704.08  
15/06/2023,Journal Entry,99,,CBA Hybrid,Interactive Brokers,339.21  ,,"1,043.29  "
19/06/2023,Journal Entry,92,,NAB Hybrid,Interactive Brokers,193.97  ,,"1,237.26  "
19/06/2023,Journal Entry,98,,AGVT,Interactive Brokers,54.02  ,,"1,291.28  "
19/06/2023,Journal Entry,93,,NAB Hybrid,Interactive Brokers,492.92  ,,"1,784.20  "
20/06/2023,Journal Entry,89,,ANZ Hybrid,Interactive Brokers,976.87  ,,"2,761.07  "
20/06/2023,Journal Entry,90,,ANZ Hybrid,Interactive Brokers,"1,038.49  ",,"3,799.56  "
21/06/2023,Journal Entry,94,,WBC Hybrid,Interactive Brokers,697.50  ,,"4,497.06  "
13/07/2023,Journal Entry,110,,OZR.AX,Interactive Brokers,293.90  ,,"4,790.96  "
19/07/2023,Journal Entry,111,,AGVT.AX,Interactive Brokers,48.14  ,,"4,839.10  "
26/07/2023,Journal Entry,112,,CNEW.AX,Interactive Brokers,110.00  ,,"4,949.10  "
09/08/2023,Journal Entry,101,,Sell OZR,Interactive Brokers,"6,783.40  ",,"11,732.50  "
09/08/2023,Journal Entry,103,,Buy 200 AGVT,Interactive Brokers,,"8,333.33  ","3,399.17  "
17/08/2023,Journal Entry,113,,AGVT.AX,Interactive Brokers,49.60  ,,"3,448.77  "
16/09/2023,Journal Entry,114,,CBAPI.AX,Interactive Brokers,574.52  ,,"4,023.29  "
16/09/2023,Journal Entry,115,,CBAPJ.AX,Interactive Brokers,369.78  ,,"4,393.07  "
19/09/2023,Journal Entry,116,,NABPF.AX,Interactive Brokers,203.17  ,,"4,596.24  "
19/09/2023,Journal Entry,116,,AGVT.AX,Interactive Brokers,71.61  ,,"4,667.85  "
19/09/2023,Journal Entry,116,,NABPI.AX,Interactive Brokers,521.12  ,,"5,188.97  "
21/09/2023,Journal Entry,117,,AN3PI.AX,Interactive Brokers,"1,136.26  ",,"6,325.23  "
21/09/2023,Journal Entry,117,,AN3PG.AX,Interactive Brokers,"1,050.13  ",,"7,375.36  "
22/09/2023,Journal Entry,118,,WBCPK.AX,Interactive Brokers,760.50  ,,"8,135.86  "
27/09/2023,Journal Entry,125,,,Interactive Brokers,,6.60  ,"8,129.26  "
27/09/2023,Journal Entry,106,,Buy 160 AGVT,Interactive Brokers,,"6,504.00  ","1,625.26  "
18/10/2023,Journal Entry,119,,AGVT.AX,Interactive Brokers,82.68  ,,"1,707.94  "
16/11/2023,Journal Entry,120,,AGVT.AX,Interactive Brokers,94.84  ,,"1,802.78  "
16/12/2023,Journal Entry,121,,CBAPJ.AX,Interactive Brokers,360.06  ,,"2,162.84  "
16/12/2023,Journal Entry,121,,CBAPI.AX,Interactive Brokers,559.76  ,,"2,722.60  "
19/12/2023,Journal Entry,122,,AGVT.AX,Interactive Brokers,90.78  ,,"2,813.38  "
19/12/2023,Journal Entry,122,,NABPF.AX,Interactive Brokers,198.38  ,,"3,011.76  "
19/12/2023,Journal Entry,122,,NABPI.AX,Interactive Brokers,507.48  ,,"3,519.24  "
21/12/2023,Journal Entry,123,,AN3PG.AX,Interactive Brokers,"1,172.42  ",,"4,691.66  "
21/12/2023,Journal Entry,123,,AN3PI.AX,Interactive Brokers,"1,262.45  ",,"5,954.11  "
22/12/2023,Journal Entry,124,,WBCPK.AX,Interactive Brokers,737.76  ,,"6,691.87  "
04/01/2024,Transfer,,,,Interactive Brokers,,"6,600.00  ",91.87  
18/01/2024,Journal Entry,126,,AGVT.AX,Interactive Brokers,91.82  ,,183.69  
17/02/2024,Journal Entry,127,,AGVT.AX,Interactive Brokers,103.09  ,,286.78  
16/03/2024,Journal Entry,128,,CBAPJ.AX,Interactive Brokers,371.73  ,,658.51  
16/03/2024,Journal Entry,128,,CBAPI.AX,Interactive Brokers,577.22  ,,"1,235.73  "
19/03/2024,Journal Entry,129,,AGVT.AX,Interactive Brokers,91.39  ,,"1,327.12  "
19/03/2024,Journal Entry,129,,NABPF.AX,Interactive Brokers,204.32  ,,"1,531.44  "
19/03/2024,Journal Entry,129,,NABPI.AX,Interactive Brokers,524.44  ,,"2,055.88  "
21/03/2024,Journal Entry,130,,AN3PI.AX,Interactive Brokers,"1,303.19  ",,"3,359.07  "
21/03/2024,Journal Entry,130,,AN3PG.AX,Interactive Brokers,"1,202.98  ",,"4,562.05  "
22/03/2024,Journal Entry,131,,WBCPK.AX,Interactive Brokers,761.16  ,,"5,323.21  "
24/03/2024,Journal Entry,108,,Sales of 660 AN3PG @ $100,Interactive Brokers,"66,000.00  ",,"71,323.21  "
03/04/2024,Journal Entry,132,,,Interactive Brokers,70.60  ,,"71,393.81  "
05/04/2024,Deposit,,,PAYMENT FROM JAJG PTY LTD REF:AUS05044GY8PLP8G,Interactive Brokers,,"71,300.00  ",93.81  
18/04/2024,Journal Entry,133,,AGVT.AX,Interactive Brokers,88.95  ,,182.76  
03/05/2024,Journal Entry,134,,,Interactive Brokers,23.58  ,,206.34  
16/05/2024,Journal Entry,135,,AGVT.AX,Interactive Brokers,101.68  ,,308.02  
18/06/2024,Journal Entry,138,,NABPF.AX,Interactive Brokers,204.11  ,,512.13  
18/06/2024,Journal Entry,136,,CBAPI.AX,Interactive Brokers,583.16  ,,"1,095.29  "
18/06/2024,Journal Entry,139,,NABPI.AX,Interactive Brokers,523.84  ,,"1,619.13  "
18/06/2024,Journal Entry,137,,CBAPJ.AX,Interactive Brokers,375.54  ,,"1,994.67  "
20/06/2024,Journal Entry,142,,AGVT.AX,Interactive Brokers,96.56  ,,"2,091.23  "
20/06/2024,Journal Entry,140,,AN3PI.AX,Interactive Brokers,"1,275.30  ",,"3,366.53  "
22/06/2024,Journal Entry,141,,WBCPK.AX,Interactive Brokers,767.46  ,,"4,133.99  "
10/07/2024,Transfer,,,,Interactive Brokers,,"4,100.00  ",33.99  
17/07/2024,Journal Entry,143,,AGVT.AX,Interactive Brokers,87.80  ,,121.79  
24/07/2024,Journal Entry,144,,CNEW.AX,Interactive Brokers,120.00  ,,241.79  
29/07/2024,Journal Entry,145,,Sell 300 AN3PI.AX,Interactive Brokers,"31,362.00  ",,"31,603.79  "
29/07/2024,Journal Entry,145,,Brokerage,Interactive Brokers,,34.11  ,"31,569.68  "
31/07/2024,Journal Entry,147,,Buy 600 AGVT.AX @ $41.99,Interactive Brokers,,"25,194.00  ","6,375.68  "
31/07/2024,Journal Entry,147,,Buy 600 AGVT.AX @ $41.99 - Brokerage,Interactive Brokers,,22.17  ,"6,353.51  "
31/07/2024,Journal Entry,146,,Sell 200 WBCPK.AX - Brokerage,Interactive Brokers,,20.73  ,"6,332.78  "
31/07/2024,Journal Entry,146,,Sell 200 WBCPK.AX,Interactive Brokers,"20,860.00  ",,"27,192.78  "
17/08/2024,Journal Entry,148,,AGVT.AX,Interactive Brokers,180.08  ,,"27,372.86  "
05/09/2024,Journal Entry,181,,,Interactive Brokers,40.96  ,,"27,413.82  "
17/09/2024,Journal Entry,150,,CBAPI.AX,Interactive Brokers,585.23  ,,"27,999.05  "
17/09/2024,Journal Entry,151,,CBAPJ.AX,Interactive Brokers,376.92  ,,"28,375.97  "
18/09/2024,Journal Entry,149,,AGVT.AX,Interactive Brokers,168.78  ,,"28,544.75  "
18/09/2024,Journal Entry,152,,NABPF.AX,Interactive Brokers,206.77  ,,"28,751.52  "
18/09/2024,Journal Entry,153,,NABPI.AX,Interactive Brokers,530.80  ,,"29,282.32  "
20/09/2024,Journal Entry,209,,AN3PI.AX,Interactive Brokers,295.34  ,,"29,577.66  "
21/09/2024,Journal Entry,154,,AN3PI.AX,Interactive Brokers,548.50  ,,"30,126.16  "
24/09/2024,Journal Entry,155,,WBCPK.AX,Interactive Brokers,514.64  ,,"30,640.80  "
03/10/2024,Journal Entry,156,,,Interactive Brokers,43.49  ,,"30,684.29  "
17/10/2024,Journal Entry,157,,AGVT.AX,Interactive Brokers,174.79  ,,"30,859.08  "
05/11/2024,Journal Entry,183,,,Interactive Brokers,51.47  ,,"30,910.55  "
19/11/2024,Journal Entry,163,,AGVT.AX,Interactive Brokers,168.13  ,,"31,078.68  "
04/12/2024,Journal Entry,184,,,Interactive Brokers,50.36  ,,"31,129.04  "
17/12/2024,Journal Entry,165,,CBAPJ.AX,Interactive Brokers,375.18  ,,"31,504.22  "
17/12/2024,Journal Entry,164,,CBAPI.AX,Interactive Brokers,582.44  ,,"32,086.66  "
18/12/2024,Journal Entry,168,,NAPBPI.AX,Interactive Brokers,528.28  ,,"32,614.94  "
18/12/2024,Journal Entry,167,,AGVT.AX,Interactive Brokers,168.71  ,,"32,783.65  "
18/12/2024,Journal Entry,166,,NABPF.AX,Interactive Brokers,205.67  ,,"32,989.32  "
21/12/2024,Journal Entry,169,,AN3PI.AX,Interactive Brokers,825.34  ,,"33,814.66  "
24/12/2024,Journal Entry,170,,WBCPK.AX,Interactive Brokers,511.56  ,,"34,326.22  "
06/01/2025,Journal Entry,185,,,Interactive Brokers,57.15  ,,"34,383.37  "
18/01/2025,Journal Entry,171,,AGVT.AX,Interactive Brokers,187.27  ,,"34,570.64  "
05/02/2025,Journal Entry,186,,,Interactive Brokers,63.49  ,,"34,634.13  "
19/02/2025,Journal Entry,172,,AGVT.AX,Interactive Brokers,181.25  ,,"34,815.38  "
24/02/2025,Journal Entry,179,,Sell 580 AN3PI.AX  @ $104.17 - Brokerage,Interactive Brokers,,52.98  ,"34,762.40  "
24/02/2025,Journal Entry,179,,Sell 580 AN3PI.AX  @ $104.17 - Cost Base $58000,Interactive Brokers,"60,204.00  ",,"94,966.40  "
24/02/2025,Journal Entry,180,,Sell 100 WBCPK.AX @$104.25,Interactive Brokers,"10,425.00  ",,"105,391.40  "
24/02/2025,Transfer,,,,Interactive Brokers,,"34,800.00  ","70,591.40  "
24/02/2025,Journal Entry,180,,Sell 300 WBCPK.AX @$104.46,Interactive Brokers,,36.75  ,"70,554.65  "
24/02/2025,Journal Entry,180,,Sell 300 WBCPK.AX @$104.46,Interactive Brokers,"31,338.00  ",,"101,892.65  "
03/03/2025,Deposit,,,PAYMENT FROM JAJG PTY LTD REF:AUS03035DV5NX340,Interactive Brokers,,"101,800.00  ",92.65  
05/03/2025,Journal Entry,188,,,Interactive Brokers,,0.02  ,92.63  
05/03/2025,Journal Entry,187,,,Interactive Brokers,72.63  ,,165.26  
18/03/2025,Journal Entry,176,,NABPI.AX,Interactive Brokers,525.80  ,,691.06  
18/03/2025,Journal Entry,173,,CBAPI.AX,Interactive Brokers,579.42  ,,"1,270.48  "
18/03/2025,Journal Entry,174,,CBAPJ.AX,Interactive Brokers,373.32  ,,"1,643.80  "
18/03/2025,Journal Entry,175,,NABPF.AX,Interactive Brokers,204.57  ,,"1,848.37  "
19/03/2025,Journal Entry,177,,AGVT.AX,Interactive Brokers,164.21  ,,"2,012.58  "
03/04/2025,Journal Entry,189,,,Interactive Brokers,17.10  ,,"2,029.68  "
17/04/2025,Journal Entry,178,,AGVT.AX,Interactive Brokers,182.26  ,,"2,211.94  "
12/05/2025,Transfer,,,,Interactive Brokers,"50,000.00  ",,"52,211.94  "
13/05/2025,Transfer,,,,Interactive Brokers,"50,000.00  ",,"102,211.94  "
14/05/2025,Journal Entry,190,,Buy 9900 HBRD @ $10.11 - Brokerage $88.08,Interactive Brokers,,"100,177.08  ","2,034.86  "
14/05/2025,Transfer,,,,Interactive Brokers,"50,000.00  ",,"52,034.86  "
16/05/2025,Transfer,,,,Interactive Brokers,"50,000.00  ",,"102,034.86  "
16/05/2025,Journal Entry,191,,Buy 5100 HBRD @ $10.12 - Brokerage $45.42,Interactive Brokers,,"51,657.42  ","50,377.44  "
17/05/2025,Journal Entry,193,,AGVT.AX,Interactive Brokers,179.27  ,,"50,556.71  "
19/05/2025,Journal Entry,192,,Buy 5100 BYHB @ $9.88 - Brokerage $44.34,Interactive Brokers,,"50,432.34  ",124.37  
04/06/2025,Journal Entry,194,,,Interactive Brokers,77.01  ,,201.38  
17/06/2025,Journal Entry,196,,CBAPJ.AX,Interactive Brokers,363.30  ,,564.68  
17/06/2025,Journal Entry,195,,CBAPI.AX,Interactive Brokers,564.80  ,,"1,129.48  "
18/06/2025,Journal Entry,197,,NABPF.AX,Interactive Brokers,200.42  ,,"1,329.90  "
18/06/2025,Journal Entry,198,,NABPI.AX,Interactive Brokers,512.64  ,,"1,842.54  "
19/06/2025,Journal Entry,199,,BHYB.AX,Interactive Brokers,204.29  ,,"2,046.83  "
19/06/2025,Journal Entry,204,,HBRD.AX,Interactive Brokers,683.07  ,,"2,729.90  "
19/06/2025,Journal Entry,205,,AGVT.AX,Interactive Brokers,178.56  ,,"2,908.46  "
17/07/2025,Journal Entry,203,,HBRD.AX,Interactive Brokers,710.84  ,,"3,619.30  "
17/07/2025,Journal Entry,200,,BHYB.AX,Interactive Brokers,213.12  ,,"3,832.42  "
17/07/2025,Journal Entry,206,,AGVT.AX,Interactive Brokers,186.73  ,,"4,019.15  "
26/07/2025,Journal Entry,208,,CNEW.AX,Interactive Brokers,70.00  ,,"4,089.15  "
19/08/2025,Journal Entry,202,,HBRD.AX,Interactive Brokers,696.93  ,,"4,786.08  "
19/08/2025,Journal Entry,207,,AGVT.AX,Interactive Brokers,185.00  ,,"4,971.08  "
19/08/2025,Journal Entry,201,,BHYB.AX,Interactive Brokers,204.38  ,,"5,175.46  "
,,,,,,"A$480,255.39  ","A$475,079.93  ",
,,,,,,,,
,,,,,,,,
23/12/2022,Journal Entry,77,,Buy 240 AGVT @ $41.67,Listed Aust Shares:Bond ETFs,"10,008.40  ",,"10,008.40  "
20/01/2023,Journal Entry,100,,Transfer of AGVT shares from Commsec to Interactive Brokers,Listed Aust Shares:Bond ETFs,"8,409.99  ",,"18,418.39  "
30/06/2023,Journal Entry,104,,,Listed Aust Shares:Bond ETFs,,129.77  ,"18,288.62  "
09/08/2023,Journal Entry,103,,Buy 200 AGVT,Listed Aust Shares:Bond ETFs,"8,333.33  ",,"26,621.95  "
27/09/2023,Journal Entry,106,,Buy 160 AGVT,Listed Aust Shares:Bond ETFs,"6,504.00  ",,"33,125.95  "
31/07/2024,Journal Entry,147,,Buy 600 AGVT.AX @ $41.99,Listed Aust Shares:Bond ETFs,"25,216.17  ",,"58,342.12  "
,,,,,,"A$58,471.89  ",A$129.77  ,
,,,,,,,,
11/08/2017,Journal Entry,69,,,Listed Aust Shares:Hybrids,"19,238.46  ",,"19,238.46  "
22/08/2017,Journal Entry,70,,,Listed Aust Shares:Hybrids,"21,255.68  ",,"40,494.14  "
23/08/2017,Journal Entry,72,,,Listed Aust Shares:Hybrids,"42,431.12  ",,"82,925.26  "
23/08/2017,Journal Entry,74,,,Listed Aust Shares:Hybrids,"21,446.28  ",,"104,371.54  "
23/08/2017,Journal Entry,73,,,Listed Aust Shares:Hybrids,"21,225.59  ",,"125,597.13  "
23/08/2017,Journal Entry,71,,,Listed Aust Shares:Hybrids,"21,456.31  ",,"147,053.44  "
05/09/2017,Journal Entry,76,,,Listed Aust Shares:Hybrids,"23,701.24  ",,"170,754.68  "
22/03/2018,Journal Entry,87,,,Listed Aust Shares:Hybrids,"15,783.77  ",,"186,538.45  "
27/03/2018,Journal Entry,90,,,Listed Aust Shares:Hybrids,,"1,409.08  ","185,129.37  "
27/03/2018,Journal Entry,88,,,Listed Aust Shares:Hybrids,,"41,072.29  ","144,057.08  "
27/06/2018,Journal Entry,92,,Buy 300 WBCPG @ 104.17 (Brokerage $96.88),Listed Aust Shares:Hybrids,"31,347.88  ",,"175,404.96  "
06/07/2018,Journal Entry,98,,,Listed Aust Shares:Hybrids,"31,642.78  ",,"207,047.74  "
25/07/2018,Journal Entry,100,,,Listed Aust Shares:Hybrids,"31,597.62  ",,"238,645.36  "
14/12/2018,Journal Entry,103,,Buy 150 CBAPE @ $103.93 (Brokerage $48.32),Listed Aust Shares:Hybrids,"15,637.82  ",,"254,283.18  "
14/12/2018,Journal Entry,103,,Buy 150 NABPD @ $104.55 (Brokerage $48.61),Listed Aust Shares:Hybrids,"15,731.11  ",,"270,014.29  "
21/03/2019,Journal Entry,107,,,Listed Aust Shares:Hybrids,"34,000.00  ",,"304,014.29  "
13/08/2019,Journal Entry,115,,,Listed Aust Shares:Hybrids,,"48,189.16  ","255,825.13  "
13/08/2019,Journal Entry,116,,Cost Base of 300 purchased on 4/7/18 and 150 purchased on 14/12/18,Listed Aust Shares:Hybrids,908.56  ,,"256,733.69  "
14/11/2019,Journal Entry,31,,Subscribe to 300 CBAPI Hybrids @ $100.00 (no brokerage),Listed Aust Shares:Hybrids,"30,000.00  ",,"286,733.69  "
08/09/2020,Journal Entry,44,,4213 RSM.AX @ 21.29 (Brokerage 21.29),Listed Aust Shares:Hybrids,"89,972.81  ",,"376,706.50  "
08/06/2021,Journal Entry,53,,Cost Base of RSM shares,Listed Aust Shares:Hybrids,,"89,972.81  ","286,733.69  "
05/07/2021,Journal Entry,57,,880 ANZPI @ $100,Listed Aust Shares:Hybrids,"88,000.00  ",,"374,733.69  "
15/09/2021,Journal Entry,58,,Buy 600 WBCPK @ $100,Listed Aust Shares:Hybrids,"60,000.00  ",,"434,733.69  "
15/09/2021,Journal Entry,58,,Sell 600 WBCPG @ $100,Listed Aust Shares:Hybrids,,"60,000.00  ","374,733.69  "
15/09/2021,Journal Entry,58,,"Capital Loss on Sale : Cost Base $62,945.30",Listed Aust Shares:Hybrids,,"2,945.50  ","371,788.19  "
15/10/2021,Journal Entry,60,,"Cost Base from purchases on 11/8/17, 5/9/17 & 22/3/18 equal to $58723.47",Listed Aust Shares:Hybrids,,"3,723.47  ","368,064.72  "
15/10/2021,Journal Entry,59,,Redemption of 550 CBAPE @ $100,Listed Aust Shares:Hybrids,,"55,000.00  ","313,064.72  "
02/05/2022,Journal Entry,65,,Buy NABPD : 80 @ $101.20 (Brokerage $29.95),Listed Aust Shares:Hybrids,"8,125.95  ",,"321,190.67  "
03/05/2022,Journal Entry,66,,Buy NABPD : 55 @ $102.20 (Brokerage : 12.40),Listed Aust Shares:Hybrids,"5,578.40  ",,"326,769.07  "
04/05/2022,Journal Entry,67,,Buy ANZ Capital Notes 4 : 260 @ $106.26 (Brokerage : $85.64),Listed Aust Shares:Hybrids,"27,710.64  ",,"354,479.71  "
17/06/2022,Expense,,,150 CBAPI @ 98.30,Listed Aust Shares:Hybrids,"14,790.71  ",,"369,270.42  "
07/07/2022,Deposit,,,Redemption 685 NABPD @ $100,Listed Aust Shares:Hybrids,,"68,500.00  ","300,770.42  "
07/07/2022,Deposit,,,Loss on redemption of NABPD,Listed Aust Shares:Hybrids,,"3,838.05  ","296,932.37  "
19/07/2022,Expense,,,Buy 400 NABPI @ $99.06 (Brokerage $122.83),Listed Aust Shares:Hybrids,"39,746.83  ",,"336,679.20  "
22/07/2022,Expense,,,Buy 300 CBAPJ @ $99.80 (Brokerage $92.81),Listed Aust Shares:Hybrids,"30,032.81  ",,"366,712.01  "
28/12/2022,Journal Entry,74,,Sell 200 NABPF @ $107.30,Listed Aust Shares:Hybrids,,"20,000.00  ","346,712.01  "
24/03/2024,Journal Entry,108,,Sales of 660 AN3PG @ $100,Listed Aust Shares:Hybrids,,"66,000.00  ","280,712.01  "
24/03/2024,Journal Entry,109,,Capital Loss on sale of 660 AN3PG,Listed Aust Shares:Hybrids,,"4,141.76  ","276,570.25  "
29/07/2024,Journal Entry,145,,Brokerage,Listed Aust Shares:Hybrids,34.11  ,,"276,604.36  "
29/07/2024,Journal Entry,145,,Sell 299 AN3PI.AX @ $104.52,Listed Aust Shares:Hybrids,,"31,257.46  ","245,346.90  "
29/07/2024,Journal Entry,145,,Sell 1 AN3PI.AX @ $104.54,Listed Aust Shares:Hybrids,,104.54  ,"245,242.36  "
29/07/2024,Journal Entry,145,,Sell 300 AN3PI.AX  - Cost Basis $30000,Listed Aust Shares:Hybrids,"1,327.89  ",,"246,570.25  "
31/07/2024,Journal Entry,146,,Sell 200 WBCPK.AX $104.3-,Listed Aust Shares:Hybrids,,"4,797.80  ","241,772.45  "
31/07/2024,Journal Entry,146,,Sell 154 WBCPK.AX @ $104.30,Listed Aust Shares:Hybrids,,"16,062.20  ","225,710.25  "
31/07/2024,Journal Entry,146,,Sell 154 WBCPK.AX @ $104.30,Listed Aust Shares:Hybrids,20.73  ,,"225,730.98  "
31/07/2024,Journal Entry,146,,Sell 200 WBCPK.AX - Cost Basis $20000,Listed Aust Shares:Hybrids,839.27  ,,"226,570.25  "
24/02/2025,Journal Entry,180,,Sell 400  WBCPK.AX,Listed Aust Shares:Hybrids,,"41,763.00  ","184,807.25  "
24/02/2025,Journal Entry,180,,Sell 400  WBCPK.AX - Cost Basis $40000,Listed Aust Shares:Hybrids,"1,726.25  ",,"186,533.50  "
24/02/2025,Journal Entry,179,,Sell 580 AN3PI.AX  @ $104.17 - Cost Base $58000,Listed Aust Shares:Hybrids,52.98  ,,"186,586.48  "
24/02/2025,Journal Entry,180,,Sell 400  WBCPK.AX,Listed Aust Shares:Hybrids,36.75  ,,"186,623.23  "
24/02/2025,Journal Entry,179,,Sell 580 AN3PI.AX  @ $104.17 - Cost Base $58000,Listed Aust Shares:Hybrids,,"60,204.00  ","126,419.23  "
24/02/2025,Journal Entry,179,,Sell 580 AN3PI.AX  @ $104.17 - Cost Base $58000,Listed Aust Shares:Hybrids,"2,151.02  ",,"128,570.25  "
14/05/2025,Journal Entry,190,,Buy 9900 HBRD @ $10.11 - Brokerage $88.08,Listed Aust Shares:Hybrids,"100,177.08  ",,"228,747.33  "
16/05/2025,Journal Entry,191,,Buy 5100 HBRD @ $10.12 - Brokerage $45.42,Listed Aust Shares:Hybrids,"51,657.42  ",,"280,404.75  "
19/05/2025,Journal Entry,192,,Buy 5100 BYHB @ $9.88 - Brokerage $44.34,Listed Aust Shares:Hybrids,"50,432.34  ",,"330,837.09  "
,,,,,,"A$949,818.21  ","A$618,981.12  ",
,,,,,,,,
20/01/2023,Journal Entry,100,,Transfer of OZR shares from Commsec to Interactive Brokers,Listed Aust Shares:Shares,"7,398.01  ",,"7,398.01  "
20/01/2023,Journal Entry,102,,Transfer of CNEW shares from Commsec to Interactive Brokers,Listed Aust Shares:Shares,"7,242.16  ",,"14,640.17  "
09/08/2023,Journal Entry,101,,Sell OZR,Listed Aust Shares:Shares,,"6,783.40  ","7,856.77  "
09/08/2023,Journal Entry,101,,Sell OZR,Listed Aust Shares:Shares,,614.61  ,"7,242.16  "
,,,,,,"A$14,640.17  ","A$7,398.01  ",
,,,,,,"A$1,022,930.27  ","A$626,508.90  ",
,,,,,,,,
26/02/2010,Journal Entry,33,,,Loan to GA & JF McLaren,,"30,349.79  ","-30,349.79  "
04/07/2010,Journal Entry,33,,Deposit,Loan to GA & JF McLaren,"260,000.00  ",,"229,650.21  "
04/07/2010,Journal Entry,33,,Deposit,Loan to GA & JF McLaren,"20,000.00  ",,"249,650.21  "
04/07/2010,Journal Entry,33,,Deposit,Loan to GA & JF McLaren,"20,000.00  ",,"269,650.21  "
06/08/2010,Journal Entry,41,,,Loan to GA & JF McLaren,,"5,010.00  ","264,640.21  "
16/08/2010,Journal Entry,42,,,Loan to GA & JF McLaren,,"16,000.00  ","248,640.21  "
18/08/2010,Cheque Expense,,Cash Withdrawal,,Loan to GA & JF McLaren,215.78  ,,"248,855.99  "
20/09/2010,Journal Entry,52,,,Loan to GA & JF McLaren,,"25,000.00  ","223,855.99  "
27/09/2010,Journal Entry,34,,,Loan to GA & JF McLaren,,"16,750.05  ","207,105.94  "
18/10/2010,Journal Entry,55,,,Loan to GA & JF McLaren,,"18,000.00  ","189,105.94  "
03/11/2010,Journal Entry,35,,,Loan to GA & JF McLaren,"21,000.00  ",,"210,105.94  "
03/11/2010,Journal Entry,37,,,Loan to GA & JF McLaren,"5,773.26  ",,"215,879.20  "
14/11/2010,Journal Entry,36,,,Loan to GA & JF McLaren,,"5,000.00  ","210,879.20  "
14/05/2011,Journal Entry,38,,,Loan to GA & JF McLaren,,"20,000.00  ","190,879.20  "
30/05/2011,Journal Entry,40,,,Loan to GA & JF McLaren,,"40,000.00  ","150,879.20  "
28/06/2011,Journal Entry,42,,,Loan to GA & JF McLaren,,"180,000.00  ","-29,120.80  "
30/06/2011,Journal Entry,41,,,Loan to GA & JF McLaren,"1,228.21  ",,"-27,892.59  "
03/07/2011,Cheque Expense,,Transfer Money,,Loan to GA & JF McLaren,"257,254.31  ",,"229,361.72  "
14/07/2011,Journal Entry,46,,,Loan to GA & JF McLaren,,"10,195.75  ","219,165.97  "
29/07/2011,Cheque Expense,,Payment on behalf of GA/JF McLaren,,Loan to GA & JF McLaren,"2,892.65  ",,"222,058.62  "
08/08/2011,Journal Entry,47,,,Loan to GA & JF McLaren,,"32,007.97  ","190,050.65  "
16/08/2011,Journal Entry,50,,,Loan to GA & JF McLaren,,"17,800.00  ","172,250.65  "
18/10/2011,Cheque Expense,,Payment on behalf of GA/JF McLaren,,Loan to GA & JF McLaren,"10,000.00  ",,"182,250.65  "
18/10/2011,Cheque Expense,,Payment on behalf of GA/JF McLaren,,Loan to GA & JF McLaren,"5,824.80  ",,"188,075.45  "
23/10/2011,Journal Entry,47,,Deposit,Loan to GA & JF McLaren,"60,000.00  ",,"248,075.45  "
01/11/2011,Cheque Expense,,Transfer Money,,Loan to GA & JF McLaren,"15,000.00  ",,"263,075.45  "
14/11/2011,Journal Entry,56,,,Loan to GA & JF McLaren,,"13,000.00  ","250,075.45  "
17/11/2011,Journal Entry,57,,,Loan to GA & JF McLaren,,"20,000.00  ","230,075.45  "
28/11/2011,Cheque Expense,,Transfer Money,,Loan to GA & JF McLaren,"10,000.00  ",,"240,075.45  "
05/12/2011,Cheque Expense,,Transfer Money,,Loan to GA & JF McLaren,"21,000.00  ",,"261,075.45  "
16/02/2012,Journal Entry,67,,,Loan to GA & JF McLaren,,"14,000.00  ","247,075.45  "
16/04/2012,Journal Entry,70,,,Loan to GA & JF McLaren,,"9,000.00  ","238,075.45  "
02/05/2012,Cheque Expense,,Transfer Money,,Loan to GA & JF McLaren,"30,000.00  ",,"268,075.45  "
15/05/2012,Journal Entry,49,,,Loan to GA & JF McLaren,,"9,000.00  ","259,075.45  "
22/05/2012,Cheque Expense,,Transfer Money,,Loan to GA & JF McLaren,"20,000.00  ",,"279,075.45  "
24/05/2012,Cheque Expense,,Transfer Money,,Loan to GA & JF McLaren,"1,000.00  ",,"280,075.45  "
06/06/2012,Cheque Expense,,Transfer Money,,Loan to GA & JF McLaren,"8,500.00  ",,"288,575.45  "
25/06/2012,Journal Entry,54,,,Loan to GA & JF McLaren,,"18,700.00  ","269,875.45  "
30/06/2012,Journal Entry,52,,,Loan to GA & JF McLaren,,"300,000.00  ","-30,124.55  "
03/07/2012,Cheque Expense,,Transfer Money,,Loan to GA & JF McLaren,"308,000.00  ",,"277,875.45  "
13/07/2012,Journal Entry,61,,,Loan to GA & JF McLaren,,"27,000.00  ","250,875.45  "
23/07/2012,Cheque Expense,,Transfer Money,,Loan to GA & JF McLaren,"10,000.00  ",,"260,875.45  "
17/08/2012,Journal Entry,64,,,Loan to GA & JF McLaren,,"15,000.00  ","245,875.45  "
31/08/2012,Journal Entry,65,,,Loan to GA & JF McLaren,,"35,000.00  ","210,875.45  "
17/09/2012,Journal Entry,69,,,Loan to GA & JF McLaren,,"14,000.00  ","196,875.45  "
24/09/2012,Cheque Expense,,Transfer Money,,Loan to GA & JF McLaren,"20,000.00  ",,"216,875.45  "
20/10/2012,Journal Entry,54,,,Loan to GA & JF McLaren,,"18,500.00  ","198,375.45  "
15/11/2012,Journal Entry,55,,,Loan to GA & JF McLaren,,"21,000.00  ","177,375.45  "
16/11/2012,Journal Entry,56,,,Loan to GA & JF McLaren,,"7,000.00  ","170,375.45  "
20/11/2012,Journal Entry,57,,Deposit,Loan to GA & JF McLaren,"9,000.00  ",,"179,375.45  "
21/11/2012,Journal Entry,57,,,Loan to GA & JF McLaren,"20,000.00  ",,"199,375.45  "
28/11/2012,Cheque Expense,,Transfer Money,,Loan to GA & JF McLaren,"10,000.00  ",,"209,375.45  "
17/12/2012,Journal Entry,61,,,Loan to GA & JF McLaren,,"15,000.00  ","194,375.45  "
18/12/2012,Cheque Expense,,Transfer Money,,Loan to GA & JF McLaren,"15,000.00  ",,"209,375.45  "
02/01/2013,Cheque Expense,,Transfer Money,,Loan to GA & JF McLaren,"15,000.00  ",,"224,375.45  "
02/01/2013,Cheque Expense,,Transfer Money,,Loan to GA & JF McLaren,"15,000.00  ",,"239,375.45  "
03/01/2013,Journal Entry,58,,Deposit,Loan to GA & JF McLaren,"1,000.00  ",,"240,375.45  "
03/01/2013,Cheque Expense,,Transfer Money,,Loan to GA & JF McLaren,"16,500.00  ",,"256,875.45  "
04/01/2013,Cheque Expense,,Transfer Money,,Loan to GA & JF McLaren,"30,000.00  ",,"286,875.45  "
04/01/2013,Cheque Expense,,Transfer Money,,Loan to GA & JF McLaren,"20,000.00  ",,"306,875.45  "
15/01/2013,Journal Entry,58,,,Loan to GA & JF McLaren,,"5,500.00  ","301,375.45  "
20/01/2013,Journal Entry,59,,,Loan to GA & JF McLaren,,"5,000.00  ","296,375.45  "
15/02/2013,Journal Entry,61,,,Loan to GA & JF McLaren,,"24,000.00  ","272,375.45  "
17/03/2013,Journal Entry,62,,,Loan to GA & JF McLaren,,"4,000.00  ","268,375.45  "
18/04/2013,Journal Entry,72,,,Loan to GA & JF McLaren,,"22,000.00  ","246,375.45  "
24/04/2013,Cheque Expense,,Transfer Money,,Loan to GA & JF McLaren,"15,000.00  ",,"261,375.45  "
26/04/2013,Cheque Expense,,Transfer Money,,Loan to GA & JF McLaren,"14,000.00  ",,"275,375.45  "
08/05/2013,Journal Entry,74,,,Loan to GA & JF McLaren,,"28,500.00  ","246,875.45  "
17/06/2013,Journal Entry,62,,,Loan to GA & JF McLaren,,"12,000.00  ","234,875.45  "
28/06/2013,Journal Entry,60,,,Loan to GA & JF McLaren,,"270,000.00  ","-35,124.55  "
30/06/2013,Journal Entry,62,,,Loan to GA & JF McLaren,,"80,742.34  ","-115,866.89  "
05/07/2013,Cheque Expense,,Transfer Money,,Loan to GA & JF McLaren,"275,000.00  ",,"159,133.11  "
22/07/2013,Journal Entry,64,,,Loan to GA & JF McLaren,,"16,700.00  ","142,433.11  "
20/08/2013,Journal Entry,68,,,Loan to GA & JF McLaren,,"20,000.00  ","122,433.11  "
16/09/2013,Cheque Expense,,Transfer Money,,Loan to GA & JF McLaren,"11,000.00  ",,"133,433.11  "
16/09/2013,Journal Entry,69,,,Loan to GA & JF McLaren,,"23,000.00  ","110,433.11  "
09/10/2013,Cheque Expense,,Transfer Money,,Loan to GA & JF McLaren,"18,000.00  ",,"128,433.11  "
09/10/2013,Cheque Expense,,Transfer Money,,Loan to GA & JF McLaren,"4,500.00  ",,"132,933.11  "
04/11/2013,Cheque Expense,,Transfer Money,,Loan to GA & JF McLaren,"2,500.00  ",,"135,433.11  "
04/11/2013,Journal Entry,65,,,Loan to GA & JF McLaren,,"31,000.00  ","104,433.11  "
14/11/2013,Cheque Expense,,Transfer Money,,Loan to GA & JF McLaren,"9,000.00  ",,"113,433.11  "
14/11/2013,Journal Entry,70,,,Loan to GA & JF McLaren,,"32,000.00  ","81,433.11  "
16/12/2013,Journal Entry,72,,,Loan to GA & JF McLaren,,"20,000.00  ","61,433.11  "
16/02/2014,Journal Entry,62,,,Loan to GA & JF McLaren,,"22,700.00  ","38,733.11  "
13/03/2014,Journal Entry,80,,,Loan to GA & JF McLaren,,"22,000.00  ","16,733.11  "
22/04/2014,Journal Entry,82,,,Loan to GA & JF McLaren,,"23,500.00  ","-6,766.89  "
11/05/2014,Cheque Expense,,Transfer Money,,Loan to GA & JF McLaren,"20,000.00  ",,"13,233.11  "
16/05/2014,Journal Entry,90,,,Loan to GA & JF McLaren,,"33,000.00  ","-19,766.89  "
03/06/2014,Journal Entry,91,,,Loan to GA & JF McLaren,,"357,000.00  ","-376,766.89  "
09/06/2014,Cheque Expense,,Transfer Money,,Loan to GA & JF McLaren,"12,500.00  ",,"-364,266.89  "
01/07/2014,Cheque Expense,,Transfer Money,,Loan to GA & JF McLaren,"2,200.00  ",,"-362,066.89  "
28/07/2014,Journal Entry,101,,,Loan to GA & JF McLaren,,150.00  ,"-362,216.89  "
26/08/2014,Cheque Expense,,Transfer Money,,Loan to GA & JF McLaren,"12,390.00  ",,"-349,826.89  "
01/09/2014,Cheque Expense,,Transfer Money,,Loan to GA & JF McLaren,"78,100.61  ",,"-271,726.28  "
12/09/2014,Cheque Expense,,Transfer Money,,Loan to GA & JF McLaren,"31,000.00  ",,"-240,726.28  "
13/10/2014,Cheque Expense,,Transfer Money,,Loan to GA & JF McLaren,"20,000.00  ",,"-220,726.28  "
29/10/2014,Cheque Expense,,Transfer Money,,Loan to GA & JF McLaren,"2,500.00  ",,"-218,226.28  "
24/11/2014,Cheque Expense,,Transfer Money,,Loan to GA & JF McLaren,"3,500.00  ",,"-214,726.28  "
11/12/2014,Journal Entry,121,,,Loan to GA & JF McLaren,,"490,000.00  ","-704,726.28  "
15/12/2014,Cheque Expense,,Transfer Money,,Loan to GA & JF McLaren,"1,053,047.75  ",,"348,321.47  "
31/01/2015,Journal Entry,122,,,Loan to GA & JF McLaren,,"348,321.47  ",0.00  
10/04/2015,Cheque Expense,,Transfer Money,,Loan to GA & JF McLaren,"15,000.00  ",,"15,000.00  "
30/04/2015,Journal Entry,63,,Deposit,Loan to GA & JF McLaren,"2,000.00  ",,"17,000.00  "
14/05/2015,Journal Entry,63,,Deposit,Loan to GA & JF McLaren,"4,048.79  ",,"21,048.79  "
14/05/2015,Cheque Expense,,Transfer Money,,Loan to GA & JF McLaren,"2,000.00  ",,"23,048.79  "
28/05/2015,Cheque Expense,,Transfer Money,,Loan to GA & JF McLaren,"2,000.00  ",,"25,048.79  "
02/06/2015,Cheque Expense,,Transfer Money,,Loan to GA & JF McLaren,"13,200.00  ",,"38,248.79  "
04/06/2015,Cheque Expense,,Transfer Money,,Loan to GA & JF McLaren,"3,000.00  ",,"41,248.79  "
05/06/2015,Cheque Expense,,Transfer Money,,Loan to GA & JF McLaren,"1,000.00  ",,"42,248.79  "
11/06/2015,Cheque Expense,,Transfer Money,,Loan to GA & JF McLaren,"2,000.00  ",,"44,248.79  "
11/06/2015,Cheque Expense,,Transfer Money,,Loan to GA & JF McLaren,"10,803.29  ",,"55,052.08  "
12/06/2015,Cheque Expense,,Transfer Money,,Loan to GA & JF McLaren,"1,000.00  ",,"56,052.08  "
19/06/2015,Cheque Expense,,Transfer Money,,Loan to GA & JF McLaren,"1,000.00  ",,"57,052.08  "
22/06/2015,Cheque Expense,,Transfer Money,,Loan to GA & JF McLaren,"12,000.00  ",,"69,052.08  "
24/06/2015,Cheque Expense,,Transfer Money,,Loan to GA & JF McLaren,"24,000.00  ",,"93,052.08  "
25/06/2015,Cheque Expense,,Transfer Money,,Loan to GA & JF McLaren,"15,000.00  ",,"108,052.08  "
25/06/2015,Cheque Expense,,Transfer Money,,Loan to GA & JF McLaren,"2,000.00  ",,"110,052.08  "
26/06/2015,Journal Entry,66,,,Loan to GA & JF McLaren,,"125,000.00  ","-14,947.92  "
26/06/2015,Cheque Expense,,Transfer Money,,Loan to GA & JF McLaren,"1,000.00  ",,"-13,947.92  "
28/06/2015,Journal Entry,63,,,Loan to GA & JF McLaren,"13,947.92  ",,0.00  
03/07/2015,Cheque Expense,,Transfer Money,,Loan to GA & JF McLaren,"1,000.00  ",,"1,000.00  "
09/07/2015,Cheque Expense,,Transfer Money,,Loan to GA & JF McLaren,"2,000.00  ",,"3,000.00  "
10/07/2015,Cheque Expense,,Transfer Money,,Loan to GA & JF McLaren,"1,000.00  ",,"4,000.00  "
13/07/2015,Cheque Expense,,Transfer Money,,Loan to GA & JF McLaren,"19,031.94  ",,"23,031.94  "
15/07/2015,Cheque Expense,,Transfer Money,,Loan to GA & JF McLaren,"50,000.00  ",,"73,031.94  "
16/07/2015,Cheque Expense,,Transfer Money,,Loan to GA & JF McLaren,"49,000.00  ",,"122,031.94  "
17/07/2015,Journal Entry,72,,,Loan to GA & JF McLaren,,500.00  ,"121,531.94  "
17/07/2015,Cheque Expense,,Transfer Money,,Loan to GA & JF McLaren,"1,000.00  ",,"122,531.94  "
21/09/2015,Journal Entry,70,,,Loan to GA & JF McLaren,,800.00  ,"121,731.94  "
27/09/2015,Journal Entry,69,,,Loan to GA & JF McLaren,,"1,000.00  ","120,731.94  "
29/12/2015,Journal Entry,81,,,Loan to GA & JF McLaren,,"49,985.00  ","70,746.94  "
31/12/2015,Journal Entry,82,,,Loan to GA & JF McLaren,,"49,345.14  ","21,401.80  "
12/06/2016,Journal Entry,65,,,Loan to GA & JF McLaren,,"21,401.80  ",0.00  
,,,,,,"A$3,091,459.31  ","A$3,091,459.31  ",
,,,,,,,,
30/06/2009,Journal Entry,24,,,Loan to McLaren Williams Family,"113,933.46  ",,"113,933.46  "
30/06/2009,Journal Entry,24,,Deposit,Loan to McLaren Williams Family,"118,089.30  ",,"232,022.76  "
23/06/2010,Journal Entry,31,,,Loan to McLaren Williams Family,,"58,569.66  ","173,453.10  "
30/06/2010,Journal Entry,27,,Div 7a interest received from McLaren Williams Family Trust,Loan to McLaren Williams Family,"13,267.49  ",,"186,720.59  "
30/06/2011,Journal Entry,41,,,Loan to McLaren Williams Family,,"1,228.21  ","185,492.38  "
30/06/2011,Journal Entry,41,,Deposit,Loan to McLaren Williams Family,"13,807.99  ",,"199,300.37  "
07/05/2012,Journal Entry,50,,,Loan to McLaren Williams Family,,"15,500.00  ","183,800.37  "
16/05/2012,Journal Entry,50,,,Loan to McLaren Williams Family,,"15,000.00  ","168,800.37  "
17/05/2012,Journal Entry,51,,,Loan to McLaren Williams Family,,"10,500.00  ","158,300.37  "
30/06/2012,Journal Entry,53,,,Loan to McLaren Williams Family,,"100,000.00  ","58,300.37  "
30/06/2012,Journal Entry,53,,,Loan to McLaren Williams Family,,"8,974.71  ","49,325.66  "
30/06/2012,Journal Entry,49,,Deposit,Loan to McLaren Williams Family,"11,598.37  ",,"60,924.03  "
30/06/2013,Journal Entry,61,,Deposit,Loan to McLaren Williams Family,"1,133.63  ",,"62,057.66  "
30/06/2013,Journal Entry,61,,Franked Dividend,Loan to McLaren Williams Family,,"98,000.00  ","-35,942.34  "
30/06/2013,Journal Entry,62,,Deposit,Loan to McLaren Williams Family,"80,742.34  ",,"44,800.00  "
30/06/2016,Journal Entry,67,,,Loan to McLaren Williams Family,,"12,500.00  ","32,300.00  "
06/07/2016,Cheque Expense,,Transfer Money,,Loan to McLaren Williams Family,"2,000.00  ",,"34,300.00  "
06/07/2016,Cheque Expense,,Transfer Money,,Loan to McLaren Williams Family,"2,000.00  ",,"36,300.00  "
08/08/2016,Journal Entry,97,,,Loan to McLaren Williams Family,,"14,000.00  ","22,300.00  "
15/08/2016,Cheque Expense,,Transfer Money,,Loan to McLaren Williams Family,"3,000.00  ",,"25,300.00  "
17/08/2016,Cheque Expense,,Transfer Money,,Loan to McLaren Williams Family,"30,000.00  ",,"55,300.00  "
16/09/2016,Cheque Expense,,Transfer Money,,Loan to McLaren Williams Family,"30,000.00  ",,"85,300.00  "
17/09/2016,Journal Entry,105,,,Loan to McLaren Williams Family,,"17,000.00  ","68,300.00  "
17/10/2016,Journal Entry,106,,,Loan to McLaren Williams Family,,"20,000.00  ","48,300.00  "
29/10/2016,Journal Entry,66,,,Loan to McLaren Williams Family,,"1,000.00  ","47,300.00  "
11/11/2016,Journal Entry,110,,,Loan to McLaren Williams Family,,"1,519.00  ","45,781.00  "
11/11/2016,Journal Entry,111,,,Loan to McLaren Williams Family,,"1,098.00  ","44,683.00  "
14/11/2016,Cheque Expense,,Transfer Money,,Loan to McLaren Williams Family,"3,000.00  ",,"47,683.00  "
30/11/2016,Cheque Expense,,Transfer Money,,Loan to McLaren Williams Family,"1,925.00  ",,"49,608.00  "
05/12/2016,Cheque Expense,,Transfer Money,,Loan to McLaren Williams Family,"50,000.00  ",,"99,608.00  "
06/12/2016,Cheque Expense,,Transfer Money,,Loan to McLaren Williams Family,"50,000.00  ",,"149,608.00  "
12/12/2016,Cheque Expense,,Transfer Money,,Loan to McLaren Williams Family,"1,000.00  ",,"150,608.00  "
22/12/2016,Cheque Expense,,Transfer Money,,Loan to McLaren Williams Family,"2,000.00  ",,"152,608.00  "
24/12/2016,Cheque Expense,,Transfer Money,,Loan to McLaren Williams Family,140.00  ,,"152,748.00  "
03/01/2017,Cheque Expense,,Transfer Money,,Loan to McLaren Williams Family,"1,000.00  ",,"153,748.00  "
03/01/2017,Cheque Expense,,Transfer Money,,Loan to McLaren Williams Family,"1,000.00  ",,"154,748.00  "
09/01/2017,Cheque Expense,,Transfer Money,,Loan to McLaren Williams Family,"5,000.00  ",,"159,748.00  "
27/01/2017,Cheque Expense,,Transfer Money,,Loan to McLaren Williams Family,"7,000.00  ",,"166,748.00  "
15/02/2017,Cheque Expense,,Transfer Money,,Loan to McLaren Williams Family,"3,000.00  ",,"169,748.00  "
22/02/2017,Cheque Expense,,Transfer Money,,Loan to McLaren Williams Family,"9,000.00  ",,"178,748.00  "
27/02/2017,Cheque Expense,,Transfer Money,,Loan to McLaren Williams Family,"25,000.00  ",,"203,748.00  "
15/03/2017,Cheque Expense,,Transfer Money,,Loan to McLaren Williams Family,"3,000.00  ",,"206,748.00  "
16/03/2017,Cheque Expense,,Transfer Money,,Loan to McLaren Williams Family,"50,000.00  ",,"256,748.00  "
22/03/2017,Cheque Expense,,Transfer Money,,Loan to McLaren Williams Family,"50,000.00  ",,"306,748.00  "
03/04/2017,Cheque Expense,,Transfer Money,,Loan to McLaren Williams Family,"2,500.00  ",,"309,248.00  "
03/04/2017,Journal Entry,116,,,Loan to McLaren Williams Family,,"20,000.00  ","289,248.00  "
03/04/2017,Cheque Expense,,Transfer Money,,Loan to McLaren Williams Family,"2,500.00  ",,"291,748.00  "
04/04/2017,Journal Entry,134,,,Loan to McLaren Williams Family,,"12,000.00  ","279,748.00  "
10/04/2017,Journal Entry,130,,,Loan to McLaren Williams Family,,10.00  ,"279,738.00  "
10/04/2017,Journal Entry,131,,,Loan to McLaren Williams Family,,250.00  ,"279,488.00  "
22/04/2017,Journal Entry,128,,,Loan to McLaren Williams Family,,750.00  ,"278,738.00  "
22/04/2017,Journal Entry,132,,,Loan to McLaren Williams Family,,740.00  ,"277,998.00  "
25/04/2017,Cheque Expense,,Transfer Money,,Loan to McLaren Williams Family,"1,500.00  ",,"279,498.00  "
26/04/2017,Cheque Expense,,Transfer Money,,Loan to McLaren Williams Family,500.00  ,,"279,998.00  "
05/05/2017,Cheque Expense,,Transfer Money,,Loan to McLaren Williams Family,"3,000.00  ",,"282,998.00  "
05/05/2017,Cheque Expense,,Transfer Money,,Loan to McLaren Williams Family,"25,000.00  ",,"307,998.00  "
30/05/2017,Cheque Expense,,Transfer Money,,Loan to McLaren Williams Family,"3,000.00  ",,"310,998.00  "
15/06/2017,Cheque Expense,,Transfer Money,,Loan to McLaren Williams Family,"1,500.00  ",,"312,498.00  "
15/06/2017,Cheque Expense,,Transfer Money,,Loan to McLaren Williams Family,"1,500.00  ",,"313,998.00  "
27/06/2017,Journal Entry,141,,,Loan to McLaren Williams Family,,"310,000.00  ","3,998.00  "
30/06/2017,Journal Entry,75,,Dividend to McLaren Williams Family Trust,Loan to McLaren Williams Family,,"2,520.00  ","1,478.00  "
03/07/2017,Cheque Expense,,Transfer Money,,Loan to McLaren Williams Family,"2,397.17  ",,"3,875.17  "
03/07/2017,Cheque Expense,,Transfer Money,,Loan to McLaren Williams Family,"50,000.00  ",,"53,875.17  "
07/07/2017,Cheque Expense,,Transfer Money,,Loan to McLaren Williams Family,"50,000.00  ",,"103,875.17  "
07/07/2017,Cheque Expense,,Transfer Money,,Loan to McLaren Williams Family,"50,000.00  ",,"153,875.17  "
13/07/2017,Cheque Expense,,Transfer Money,,Loan to McLaren Williams Family,"50,000.00  ",,"203,875.17  "
13/07/2017,Cheque Expense,,Transfer Money,,Loan to McLaren Williams Family,"2,000.00  ",,"205,875.17  "
13/07/2017,Cheque Expense,,Transfer Money,,Loan to McLaren Williams Family,800.00  ,,"206,675.17  "
17/07/2017,Cheque Expense,,Transfer Money,,Loan to McLaren Williams Family,"50,000.00  ",,"256,675.17  "
19/07/2017,Cheque Expense,,Transfer Money,,Loan to McLaren Williams Family,"40,000.00  ",,"296,675.17  "
21/07/2017,Journal Entry,147,,,Loan to McLaren Williams Family,,"1,400.00  ","295,275.17  "
02/08/2017,Journal Entry,145,,,Loan to McLaren Williams Family,,650.00  ,"294,625.17  "
10/08/2017,Cheque Expense,,Transfer Money,,Loan to McLaren Williams Family,"10,000.00  ",,"304,625.17  "
11/08/2017,Cheque Expense,,Transfer Money,,Loan to McLaren Williams Family,"4,000.00  ",,"308,625.17  "
15/08/2017,Cheque Expense,,Transfer Money,,Loan to McLaren Williams Family,"19,000.00  ",,"327,625.17  "
18/08/2017,Cheque Expense,,Transfer Money,,Loan to McLaren Williams Family,"19,000.00  ",,"346,625.17  "
18/08/2017,Journal Entry,156,,,Loan to McLaren Williams Family,,"150,000.00  ","196,625.17  "
18/08/2017,Journal Entry,154,,,Loan to McLaren Williams Family,,"19,000.00  ","177,625.17  "
28/08/2017,Cheque Expense,,Transfer Money,,Loan to McLaren Williams Family,"25,000.00  ",,"202,625.17  "
28/08/2017,Journal Entry,158,,,Loan to McLaren Williams Family,,"1,700.00  ","200,925.17  "
30/08/2017,Cheque Expense,,Transfer Money,,Loan to McLaren Williams Family,"2,000.00  ",,"202,925.17  "
30/08/2017,Cheque Expense,,Transfer Money,,Loan to McLaren Williams Family,"2,500.00  ",,"205,425.17  "
07/09/2017,Cheque Expense,,Transfer Money,,Loan to McLaren Williams Family,"1,500.00  ",,"206,925.17  "
25/09/2017,Cheque Expense,,Transfer Money,,Loan to McLaren Williams Family,"1,000.00  ",,"207,925.17  "
25/09/2017,Cheque Expense,,Transfer Money,,Loan to McLaren Williams Family,"2,600.00  ",,"210,525.17  "
29/09/2017,Cheque Expense,,Transfer Money,,Loan to McLaren Williams Family,"2,000.00  ",,"212,525.17  "
29/09/2017,Cheque Expense,,Transfer Money,,Loan to McLaren Williams Family,"1,500.00  ",,"214,025.17  "
10/10/2017,Cheque Expense,,Transfer Money,,Loan to McLaren Williams Family,950.00  ,,"214,975.17  "
11/10/2017,Cheque Expense,,Transfer Money,,Loan to McLaren Williams Family,180.00  ,,"215,155.17  "
11/10/2017,Cheque Expense,,Transfer Money,,Loan to McLaren Williams Family,10.00  ,,"215,165.17  "
12/10/2017,Cheque Expense,,Transfer Money,,Loan to McLaren Williams Family,"2,250.00  ",,"217,415.17  "
13/10/2017,Journal Entry,165,,,Loan to McLaren Williams Family,,"9,500.00  ","207,915.17  "
06/11/2017,Cheque Expense,,Transfer Money,,Loan to McLaren Williams Family,"9,500.00  ",,"217,415.17  "
13/11/2017,Journal Entry,183,,,Loan to McLaren Williams Family,,10.00  ,"217,405.17  "
04/12/2017,Journal Entry,184,,,Loan to McLaren Williams Family,,730.00  ,"216,675.17  "
02/01/2018,Cheque Expense,,Transfer Money,,Loan to McLaren Williams Family,900.00  ,,"217,575.17  "
02/01/2018,Cheque Expense,,Transfer Money,,Loan to McLaren Williams Family,500.00  ,,"218,075.17  "
08/01/2018,Journal Entry,169,,,Loan to McLaren Williams Family,,"8,000.00  ","210,075.17  "
17/01/2018,Journal Entry,171,,,Loan to McLaren Williams Family,,"2,000.00  ","208,075.17  "
17/01/2018,Cheque Expense,,Transfer Money,,Loan to McLaren Williams Family,"1,440.00  ",,"209,515.17  "
17/01/2018,Cheque Expense,,Transfer Money,,Loan to McLaren Williams Family,"2,000.00  ",,"211,515.17  "
08/02/2018,Cheque Expense,,Transfer Money,,Loan to McLaren Williams Family,"8,470.00  ",,"219,985.17  "
19/03/2018,Cheque Expense,,Transfer Money,,Loan to McLaren Williams Family,480.00  ,,"220,465.17  "
22/03/2018,Journal Entry,192,,,Loan to McLaren Williams Family,,"6,000.00  ","214,465.17  "
22/03/2018,Journal Entry,193,,,Loan to McLaren Williams Family,,400.00  ,"214,065.17  "
22/03/2018,Journal Entry,194,,,Loan to McLaren Williams Family,,"9,000.00  ","205,065.17  "
09/04/2018,Cheque Expense,,Transfer Money,,Loan to McLaren Williams Family,970.00  ,,"206,035.17  "
16/04/2018,Cheque Expense,,Transfer Money,,Loan to McLaren Williams Family,"1,000.00  ",,"207,035.17  "
19/04/2018,Cheque Expense,,Transfer Money,,Loan to McLaren Williams Family,"1,500.00  ",,"208,535.17  "
07/05/2018,Cheque Expense,,Transfer Money,,Loan to McLaren Williams Family,"12,000.00  ",,"220,535.17  "
15/05/2018,Cheque Expense,,Transfer Money,,Loan to McLaren Williams Family,"1,000.00  ",,"221,535.17  "
28/05/2018,Cheque Expense,,Transfer Money,,Loan to McLaren Williams Family,"1,000.00  ",,"222,535.17  "
07/06/2018,Cheque Expense,,Transfer Money,,Loan to McLaren Williams Family,"20,000.00  ",,"242,535.17  "
13/06/2018,Cheque Expense,,Transfer Money,,Loan to McLaren Williams Family,"2,500.00  ",,"245,035.17  "
21/06/2018,Journal Entry,105,,,Loan to McLaren Williams Family,,"14,300.00  ","230,735.17  "
22/06/2018,Journal Entry,90,,,Loan to McLaren Williams Family,,"18,500.00  ","212,235.17  "
27/06/2018,Journal Entry,106,,,Loan to McLaren Williams Family,,"175,000.00  ","37,235.17  "
30/06/2018,Journal Entry,Conversion,,,Loan to McLaren Williams Family,,"44,800.00  ","-7,564.83  "
11/07/2018,Cheque Expense,,Transfer Money,,Loan to McLaren Williams Family,"2,500.00  ",,"-5,064.83  "
19/07/2018,Cheque Expense,,Transfer Money,,Loan to McLaren Williams Family,650.00  ,,"-4,414.83  "
01/08/2018,Cheque Expense,,Transfer Money,,Loan to McLaren Williams Family,420.00  ,,"-3,994.83  "
01/08/2018,Cheque Expense,,Transfer Money,,Loan to McLaren Williams Family,"1,000.00  ",,"-2,994.83  "
09/08/2018,Cheque Expense,,Transfer Money,,Loan to McLaren Williams Family,"7,000.00  ",,"4,005.17  "
10/08/2018,Cheque Expense,,Transfer Money,,Loan to McLaren Williams Family,"7,000.00  ",,"11,005.17  "
15/08/2018,Cheque Expense,,Transfer Money,,Loan to McLaren Williams Family,"1,000.00  ",,"12,005.17  "
15/08/2018,Cheque Expense,,Transfer Money,,Loan to McLaren Williams Family,"1,000.00  ",,"13,005.17  "
15/08/2018,Journal Entry,98,,,Loan to McLaren Williams Family,,"1,000.00  ","12,005.17  "
22/08/2018,Cheque Expense,,Transfer Money,,Loan to McLaren Williams Family,"1,000.00  ",,"13,005.17  "
11/09/2018,Cheque Expense,,Transfer Money,,Loan to McLaren Williams Family,"12,000.00  ",,"25,005.17  "
26/09/2018,Cheque Expense,,Transfer Money,,Loan to McLaren Williams Family,"1,000.00  ",,"26,005.17  "
03/10/2018,Cheque Expense,,Transfer Money,,Loan to McLaren Williams Family,"1,000.00  ",,"27,005.17  "
09/10/2018,Cheque Expense,,Transfer Money,,Loan to McLaren Williams Family,"1,800.00  ",,"28,805.17  "
09/10/2018,Cheque Expense,,Transfer Money,,Loan to McLaren Williams Family,"1,200.00  ",,"30,005.17  "
15/10/2018,Cheque Expense,,Transfer Money,,Loan to McLaren Williams Family,"1,000.00  ",,"31,005.17  "
15/11/2018,Cheque Expense,,Transfer Money,,Loan to McLaren Williams Family,"1,500.00  ",,"32,505.17  "
16/11/2018,Cheque Expense,,Transfer Money,,Loan to McLaren Williams Family,"3,000.00  ",,"35,505.17  "
11/12/2018,Cheque Expense,,Transfer Money,,Loan to McLaren Williams Family,"13,500.00  ",,"49,005.17  "
13/12/2018,Cheque Expense,,Transfer Money,,Loan to McLaren Williams Family,"1,500.00  ",,"50,505.17  "
17/12/2018,Cheque Expense,,Transfer Money,,Loan to McLaren Williams Family,"7,500.00  ",,"58,005.17  "
21/12/2018,Cheque Expense,,Transfer Money,,Loan to McLaren Williams Family,500.00  ,,"58,505.17  "
31/12/2018,Cheque Expense,,Transfer Money,,Loan to McLaren Williams Family,"1,490.00  ",,"59,995.17  "
02/01/2019,Cheque Expense,,Transfer Money,,Loan to McLaren Williams Family,700.00  ,,"60,695.17  "
02/01/2019,Cheque Expense,,Transfer Money,,Loan to McLaren Williams Family,"1,000.00  ",,"61,695.17  "
03/01/2019,Cheque Expense,,Transfer Money,,Loan to McLaren Williams Family,"1,000.00  ",,"62,695.17  "
07/01/2019,Cheque Expense,,Transfer Money,,Loan to McLaren Williams Family,"2,000.00  ",,"64,695.17  "
09/01/2019,Cheque Expense,,Transfer Money,,Loan to McLaren Williams Family,670.00  ,,"65,365.17  "
09/01/2019,Cheque Expense,,Transfer Money,,Loan to McLaren Williams Family,"3,900.00  ",,"69,265.17  "
21/01/2019,Cheque Expense,,Transfer Money,,Loan to McLaren Williams Family,"2,000.00  ",,"71,265.17  "
29/01/2019,Cheque Expense,,Transfer Money,,Loan to McLaren Williams Family,"7,500.00  ",,"78,765.17  "
04/02/2019,Cheque Expense,,Transfer Money,,Loan to McLaren Williams Family,"1,500.00  ",,"80,265.17  "
07/02/2019,Cheque Expense,,Transfer Money,,Loan to McLaren Williams Family,"4,000.00  ",,"84,265.17  "
13/02/2019,Cheque Expense,,Transfer Money,,Loan to McLaren Williams Family,140.00  ,,"84,405.17  "
14/02/2019,Journal Entry,102,,,Loan to McLaren Williams Family,,"4,000.00  ","80,405.17  "
21/02/2019,Cheque Expense,,Transfer Money,,Loan to McLaren Williams Family,600.00  ,,"81,005.17  "
26/02/2019,Journal Entry,103,,,Loan to McLaren Williams Family,,"50,000.00  ","31,005.17  "
27/02/2019,Journal Entry,96,,,Loan to McLaren Williams Family,,"50,000.00  ","-18,994.83  "
08/03/2019,Cheque Expense,,Transfer Money,,Loan to McLaren Williams Family,"1,000.00  ",,"-17,994.83  "
13/03/2019,Cheque Expense,,Transfer Money,,Loan to McLaren Williams Family,"5,500.00  ",,"-12,494.83  "
14/03/2019,Cheque Expense,,Transfer Money,,Loan to McLaren Williams Family,"10,000.00  ",,"-2,494.83  "
20/03/2019,Cheque Expense,,Transfer Money,,Loan to McLaren Williams Family,470.00  ,,"-2,024.83  "
08/04/2019,Cheque Expense,,Transfer Money,,Loan to McLaren Williams Family,800.00  ,,"-1,224.83  "
11/04/2019,Cheque Expense,,Transfer Money,,Loan to McLaren Williams Family,"1,200.00  ",,-24.83  
15/04/2019,Cheque Expense,,Transfer Money,,Loan to McLaren Williams Family,500.00  ,,475.17  
26/04/2019,Journal Entry,162,,,Loan to McLaren Williams Family,,"40,000.00  ","-39,524.83  "
29/04/2019,Journal Entry,101,,,Loan to McLaren Williams Family,,"13,000.00  ","-52,524.83  "
09/05/2019,Cheque Expense,,Transfer Money,,Loan to McLaren Williams Family,"13,500.00  ",,"-39,024.83  "
14/05/2019,Cheque Expense,,Transfer Money,,Loan to McLaren Williams Family,"1,000.00  ",,"-38,024.83  "
17/05/2019,Cheque Expense,,Transfer Money,,Loan to McLaren Williams Family,250.00  ,,"-37,774.83  "
27/05/2019,Cheque Expense,,Transfer Money,,Loan to McLaren Williams Family,"1,000.00  ",,"-36,774.83  "
17/06/2019,Cheque Expense,,Transfer Money,,Loan to McLaren Williams Family,350.00  ,,"-36,424.83  "
17/06/2019,Cheque Expense,,Transfer Money,,Loan to McLaren Williams Family,"1,240.00  ",,"-35,184.83  "
20/06/2019,Cheque Expense,,Transfer Money,,Loan to McLaren Williams Family,460.00  ,,"-34,724.83  "
01/07/2019,Journal Entry,115,,Deposit,Loan to McLaren Williams Family,700.00  ,,"-34,024.83  "
08/07/2019,Journal Entry,115,,Deposit,Loan to McLaren Williams Family,650.00  ,,"-33,374.83  "
13/08/2019,Journal Entry,115,,Deposit,Loan to McLaren Williams Family,"48,200.00  ",,"14,825.17  "
04/11/2019,Deposit,,,ANZ INTERNET BANKING FUNDS TFER TRANSFER 307595 FROM 349671157,Loan to McLaren Williams Family,,"30,000.00  ","-15,174.83  "
11/11/2019,Expense,,,ANZ M-BANKING FUNDS TFER TRANSFER 591152 TO 013313349671157,Loan to McLaren Williams Family,"1,600.00  ",,"-13,574.83  "
14/11/2019,Expense,,,ANZ INTERNET BANKING FUNDS TFER TRANSFER 176669 TO 013313349671157,Loan to McLaren Williams Family,"1,000.00  ",,"-12,574.83  "
29/11/2019,Journal Entry,35,,,Loan to McLaren Williams Family,,14.99  ,"-12,589.82  "
16/12/2019,Expense,,,ANZ M-BANKING FUNDS TFER                TRANSFER 476534  TO  013313349671157,Loan to McLaren Williams Family,600.00  ,,"-11,989.82  "
17/12/2019,Transfer,,,,Loan to McLaren Williams Family,300.00  ,,"-11,689.82  "
20/12/2019,Transfer,,,,Loan to McLaren Williams Family,430.00  ,,"-11,259.82  "
29/12/2019,Journal Entry,38,,,Loan to McLaren Williams Family,14.99  ,,"-11,244.83  "
30/12/2019,Transfer,,,,Loan to McLaren Williams Family,610.00  ,,"-10,634.83  "
07/01/2020,Transfer,,,,Loan to McLaren Williams Family,560.00  ,,"-10,074.83  "
09/01/2020,Transfer,,,,Loan to McLaren Williams Family,,50.00  ,"-10,124.83  "
18/03/2020,Transfer,,,,Loan to McLaren Williams Family,"1,100.00  ",,"-9,024.83  "
20/03/2020,Transfer,,,,Loan to McLaren Williams Family,,"199,980.00  ","-209,004.83  "
20/03/2020,Transfer,,,,Loan to McLaren Williams Family,400.00  ,,"-208,604.83  "
23/03/2020,Transfer,,,,Loan to McLaren Williams Family,,"50,000.00  ","-258,604.83  "
31/03/2020,Transfer,,,,Loan to McLaren Williams Family,,300.00  ,"-258,904.83  "
31/03/2020,Transfer,,,,Loan to McLaren Williams Family,600.00  ,,"-258,304.83  "
09/04/2020,Transfer,,,,Loan to McLaren Williams Family,600.00  ,,"-257,704.83  "
28/04/2020,Journal Entry,42,,,Loan to McLaren Williams Family,"10,000.00  ",,"-247,704.83  "
17/06/2020,Transfer,,,,Loan to McLaren Williams Family,950.00  ,,"-246,754.83  "
22/06/2020,Transfer,,,,Loan to McLaren Williams Family,400.00  ,,"-246,354.83  "
01/07/2020,Transfer,,,,Loan to McLaren Williams Family,"50,000.00  ",,"-196,354.83  "
02/07/2020,Transfer,,,,Loan to McLaren Williams Family,"44,890.00  ",,"-151,464.83  "
07/07/2020,Transfer,,,,Loan to McLaren Williams Family,950.00  ,,"-150,514.83  "
24/08/2020,Transfer,,,,Loan to McLaren Williams Family,"50,000.00  ",,"-100,514.83  "
25/08/2020,Transfer,,,,Loan to McLaren Williams Family,"50,000.00  ",,"-50,514.83  "
26/08/2020,Transfer,,,,Loan to McLaren Williams Family,"50,000.00  ",,-514.83  
16/09/2020,Transfer,,,,Loan to McLaren Williams Family,700.00  ,,185.17  
21/09/2020,Transfer,,,,Loan to McLaren Williams Family,600.00  ,,785.17  
30/09/2020,Transfer,,,,Loan to McLaren Williams Family,500.00  ,,"1,285.17  "
07/10/2020,Transfer,,,,Loan to McLaren Williams Family,500.00  ,,"1,785.17  "
15/10/2020,Transfer,,,,Loan to McLaren Williams Family,150.00  ,,"1,935.17  "
18/12/2020,Expense,,,ANZ INTERNET BANKING PAYMENT 775170     TO Jacqueline McLaren,Loan to McLaren Williams Family,900.00  ,,"2,835.17  "
21/12/2020,Transfer,,,,Loan to McLaren Williams Family,100.00  ,,"2,935.17  "
05/01/2021,Transfer,,,,Loan to McLaren Williams Family,760.00  ,,"3,695.17  "
12/04/2021,Transfer,,,,Loan to McLaren Williams Family,400.00  ,,"4,095.17  "
18/06/2021,Transfer,,,,Loan to McLaren Williams Family,,"4,095.17  ",0.00  
30/06/2021,Journal Entry,68,,Fully Franked Dividend to McLaren Williams Family Trust,Loan to McLaren Williams Family,,"10,000.00  ","-10,000.00  "
08/07/2021,Transfer,,,,Loan to McLaren Williams Family,"2,500.00  ",,"-7,500.00  "
08/07/2021,Transfer,,,,Loan to McLaren Williams Family,"4,000.00  ",,"-3,500.00  "
16/07/2021,Transfer,,,,Loan to McLaren Williams Family,"1,400.00  ",,"-2,100.00  "
30/07/2021,Transfer,,,,Loan to McLaren Williams Family,,20.00  ,"-2,120.00  "
08/09/2021,Transfer,,,,Loan to McLaren Williams Family,,100.00  ,"-2,220.00  "
29/09/2021,Transfer,,,,Loan to McLaren Williams Family,"1,700.00  ",,-520.00  
01/10/2021,Transfer,,,,Loan to McLaren Williams Family,,"20,000.00  ","-20,520.00  "
03/10/2021,Transfer,,,,Loan to McLaren Williams Family,,"20,000.00  ","-40,520.00  "
06/10/2021,Transfer,,,,Loan to McLaren Williams Family,,"10,000.00  ","-50,520.00  "
22/11/2021,Transfer,,,,Loan to McLaren Williams Family,"2,700.00  ",,"-47,820.00  "
25/11/2021,Transfer,,,,Loan to McLaren Williams Family,"50,000.00  ",,"2,180.00  "
30/11/2021,Transfer,,,,Loan to McLaren Williams Family,,"1,200.00  ",980.00  
30/11/2021,Transfer,,,,Loan to McLaren Williams Family,,"4,800.00  ","-3,820.00  "
03/12/2021,Transfer,,,,Loan to McLaren Williams Family,,"6,000.00  ","-9,820.00  "
22/12/2021,Transfer,,,,Loan to McLaren Williams Family,"1,050.00  ",,"-8,770.00  "
22/12/2021,Transfer,,,,Loan to McLaren Williams Family,250.00  ,,"-8,520.00  "
05/02/2022,Transfer,,,,Loan to McLaren Williams Family,"6,000.00  ",,"-2,520.00  "
05/02/2022,Transfer,,,ASIC Payment for McLaren Williams Pty Ltd,Loan to McLaren Williams Family,276.00  ,,"-2,244.00  "
11/04/2022,Transfer,,,,Loan to McLaren Williams Family,"1,000.00  ",,"-1,244.00  "
13/04/2022,Transfer,,,,Loan to McLaren Williams Family,"5,000.00  ",,"3,756.00  "
18/05/2022,Deposit,,,PAYMENT FROM MCLAREN WILLIAMS PTY LTD IT,Loan to McLaren Williams Family,,"1,600.00  ","2,156.00  "
19/05/2022,Transfer,,,,Loan to McLaren Williams Family,,"4,000.00  ","-1,844.00  "
15/06/2022,Transfer,,,,Loan to McLaren Williams Family,,"14,600.00  ","-16,444.00  "
22/06/2022,Expense,,Cambel Cass (Melbourne),,Loan to McLaren Williams Family,,291.50  ,"-16,735.50  "
30/06/2022,Journal Entry,80,,,Loan to McLaren Williams Family,,"4,200.00  ","-20,935.50  "
26/09/2022,Transfer,,,,Loan to McLaren Williams Family,"1,000.00  ",,"-19,935.50  "
29/09/2022,Transfer,,,,Loan to McLaren Williams Family,250.00  ,,"-19,685.50  "
03/10/2022,Transfer,,,,Loan to McLaren Williams Family,"2,000.00  ",,"-17,685.50  "
03/10/2022,Transfer,,,,Loan to McLaren Williams Family,200.00  ,,"-17,485.50  "
02/12/2022,Transfer,,,,Loan to McLaren Williams Family,500.00  ,,"-16,985.50  "
20/12/2022,Transfer,,,,Loan to McLaren Williams Family,"3,500.00  ",,"-13,485.50  "
21/12/2022,Journal Entry,76,,,Loan to McLaren Williams Family,,"10,000.00  ","-23,485.50  "
05/01/2023,Transfer,,,,Loan to McLaren Williams Family,"9,000.00  ",,"-14,485.50  "
23/01/2023,Transfer,,,,Loan to McLaren Williams Family,"13,000.00  ",,"-1,485.50  "
29/05/2023,Transfer,,,,Loan to McLaren Williams Family,,"3,000.00  ","-4,485.50  "
21/06/2023,Transfer,,,,Loan to McLaren Williams Family,"3,000.00  ",,"-1,485.50  "
12/08/2023,Transfer,,,,Loan to McLaren Williams Family,"1,485.50  ",,0.00  
08/11/2023,Transfer,,,,Loan to McLaren Williams Family,32.00  ,,32.00  
08/11/2023,Transfer,,,,Loan to McLaren Williams Family,"2,000.00  ",,"2,032.00  "
08/01/2024,Transfer,,,,Loan to McLaren Williams Family,"6,700.00  ",,"8,732.00  "
17/01/2024,Transfer,,,,Loan to McLaren Williams Family,,100.00  ,"8,632.00  "
05/04/2024,Expense,,,ANZ INTERNET BANKING PAYMENT 719543     TO Jacqueline McLaren,Loan to McLaren Williams Family,"20,000.00  ",,"28,632.00  "
05/04/2024,Expense,,,ANZ INTERNET BANKING PAYMENT 720306     TO Jacqueline McLaren,Loan to McLaren Williams Family,"30,000.00  ",,"58,632.00  "
08/04/2024,Expense,,,ANZ INTERNET BANKING PAYMENT 784390     TO Jacqueline McLaren,Loan to McLaren Williams Family,"20,000.00  ",,"78,632.00  "
08/05/2024,Transfer,,,,Loan to McLaren Williams Family,900.00  ,,"79,532.00  "
28/05/2024,Transfer,,,,Loan to McLaren Williams Family,,"9,176.00  ","70,356.00  "
28/05/2024,Journal Entry,158,,Move Consulting Distribution to Family Trust,Loan to McLaren Williams Family,"9,176.00  ",,"79,532.00  "
26/06/2024,Transfer,,,,Loan to McLaren Williams Family,,"6,400.00  ","73,132.00  "
27/06/2024,Deposit,,,ANZ INTERNET BANKING FUNDS TFER         TRANSFER 604100  FROM       530594854,Loan to McLaren Williams Family,,130.00  ,"73,002.00  "
28/06/2024,Transfer,,,,Loan to McLaren Williams Family,,"25,000.00  ","48,002.00  "
30/06/2024,Journal Entry,162,,,Loan to McLaren Williams Family,,"19,600.00  ","28,402.00  "
01/07/2024,Transfer,,,,Loan to McLaren Williams Family,"8,200.00  ",,"36,602.00  "
01/07/2024,Transfer,,,,Loan to McLaren Williams Family,"31,300.00  ",,"67,902.00  "
11/07/2024,Transfer,,,,Loan to McLaren Williams Family,"3,800.00  ",,"71,702.00  "
26/08/2024,Deposit,,,ANZ INTERNET BANKING FUNDS TFER         TRANSFER 371542  FROM       530594854,Loan to McLaren Williams Family,,"92,600.00  ","-20,898.00  "
10/09/2024,Transfer,,,,Loan to McLaren Williams Family,"5,000.00  ",,"-15,898.00  "
20/09/2024,Expense,,Cambel Cass (Melbourne),,Loan to McLaren Williams Family,,291.50  ,"-16,189.50  "
03/10/2024,Transfer,,,,Loan to McLaren Williams Family,"10,000.00  ",,"-6,189.50  "
07/10/2024,Transfer,,,,Loan to McLaren Williams Family,600.00  ,,"-5,589.50  "
07/10/2024,Transfer,,,,Loan to McLaren Williams Family,"2,000.00  ",,"-3,589.50  "
08/10/2024,Transfer,,,,Loan to McLaren Williams Family,"6,000.00  ",,"2,410.50  "
10/10/2024,Transfer,,,,Loan to McLaren Williams Family,"9,000.00  ",,"11,410.50  "
29/10/2024,Deposit,,,ANZ INTERNET BANKING FUNDS TFER         TRANSFER 160943  FROM       530594854,Loan to McLaren Williams Family,,"13,600.00  ","-2,189.50  "
29/10/2024,Transfer,,,,Loan to McLaren Williams Family,"9,000.00  ",,"6,810.50  "
30/10/2024,Transfer,,,,Loan to McLaren Williams Family,"9,000.00  ",,"15,810.50  "
06/11/2024,Transfer,,,,Loan to McLaren Williams Family,900.00  ,,"16,710.50  "
06/11/2024,Transfer,,,,Loan to McLaren Williams Family,"13,100.00  ",,"29,810.50  "
06/11/2024,Transfer,,,,Loan to McLaren Williams Family,"1,200.00  ",,"31,010.50  "
28/11/2024,Transfer,,,,Loan to McLaren Williams Family,"2,000.00  ",,"33,010.50  "
13/12/2024,Transfer,,,,Loan to McLaren Williams Family,,"10,000.00  ","23,010.50  "
16/12/2024,Deposit,,,PAYMENT FROM MR GARY A MCLAREN,Loan to McLaren Williams Family,,"10,000.00  ","13,010.50  "
16/12/2024,Deposit,,,PAYMENT FROM MR GARY A MCLAREN,Loan to McLaren Williams Family,,"10,000.00  ","3,010.50  "
17/12/2024,Transfer,,,,Loan to McLaren Williams Family,,"10,000.00  ","-6,989.50  "
18/12/2024,Transfer,,,,Loan to McLaren Williams Family,,"10,000.00  ","-16,989.50  "
27/12/2024,Transfer,,,,Loan to McLaren Williams Family,,"10,000.00  ","-26,989.50  "
09/01/2025,Transfer,,,,Loan to McLaren Williams Family,"20,500.00  ",,"-6,489.50  "
29/01/2025,Transfer,,,,Loan to McLaren Williams Family,"1,000.00  ",,"-5,489.50  "
03/02/2025,Transfer,,,,Loan to McLaren Williams Family,"2,000.00  ",,"-3,489.50  "
10/02/2025,Transfer,,,,Loan to McLaren Williams Family,"3,300.00  ",,-189.50  
10/03/2025,Expense,,,ANZ INTERNET BANKING FUNDS TFER         TRANSFER 419309  TO  XXXXXXXX0594854,Loan to McLaren Williams Family,"2,500.00  ",,"2,310.50  "
31/03/2025,Transfer,,,,Loan to McLaren Williams Family,"3,100.00  ",,"5,410.50  "
24/04/2025,Transfer,,,null,Loan to McLaren Williams Family,,200.00  ,"5,210.50  "
12/05/2025,Transfer,,,null,Loan to McLaren Williams Family,,"6,000.00  ",-789.50  
16/05/2025,Transfer,,,,Loan to McLaren Williams Family,,650.00  ,"-1,439.50  "
30/06/2025,Journal Entry,210,,,Loan to McLaren Williams Family,,"19,600.00  ","-21,039.50  "
10/07/2025,Expense,,Cambel Cass (Melbourne),,Loan to McLaren Williams Family,,302.50  ,"-21,342.00  "
21/07/2025,Transfer,,,,Loan to McLaren Williams Family,650.00  ,,"-20,692.00  "
15/08/2025,Transfer,,,,Loan to McLaren Williams Family,"1,300.00  ",,"-19,392.00  "
15/08/2025,Transfer,,,,Loan to McLaren Williams Family,"2,560.00  ",,"-16,832.00  "
,,,,,,"A$1,971,219.24  ","A$1,988,051.24  ",
,,,,,,,,
24/06/2007,Cheque Expense,,ASIC,,Misc,212.00  ,,212.00  
25/03/2008,Journal Entry,14,,,Misc,,212.00  ,0.00  
,,,,,,A$212.00  ,A$212.00  ,
,,,,,,,,
15/10/2020,Journal Entry,50,,This amount does not appear to have been reconciled in 2020/21 tax return. Leave in place for 2021/22 tax return reconciliation,TFN Withholding Tax,158.00  ,,158.00  
30/06/2022,Journal Entry,71,,Distrubtion from AGVT,TFN Withholding Tax,6.00  ,,164.00  
01/06/2023,Transfer,,,Tax Refund,TFN Withholding Tax,,164.00  ,0.00  
,,,,,,A$164.00  ,A$164.00  ,
,,,,,,,,
25/06/2021,Expense,,ANZ Bank,Prepayment for ANZ Capital Notes 6,Undeposited Funds,"50,000.00  ",,"50,000.00  "
28/06/2021,Transfer,,,,Undeposited Funds,"38,000.00  ",,"88,000.00  "
05/07/2021,Journal Entry,57,,880 ANZPI @ $100,Undeposited Funds,,"88,000.00  ",0.00  
30/06/2022,Journal Entry,70,,,Undeposited Funds,807.90  ,,807.90  
30/06/2022,Journal Entry,72,,Distribution from CNEW,Undeposited Funds,130.00  ,,937.90  
30/06/2022,Journal Entry,71,,Distrubtion from AGVT,Undeposited Funds,7.96  ,,945.86  
12/07/2022,Transfer,,,Distributin from OZR,Undeposited Funds,,807.90  ,137.96  
18/07/2022,Transfer,,,,Undeposited Funds,,7.96  ,130.00  
25/07/2022,Transfer,,,,Undeposited Funds,,130.00  ,0.00  
,,,,,,"A$88,945.86  ","A$88,945.86  ",
,,,,,,,,
22/03/2005,Journal Entry,1,,,Company Formation,800.00  ,,800.00  
,,,,,,A$800.00  ,,
,,,,,,,,
15/02/2006,Journal Entry,43,,,Franking Credits,"45,238.10  ",,"45,238.10  "
28/02/2006,Journal Entry,44,,,Franking Credits,"10,000.00  ",,"55,238.10  "
28/07/2006,Journal Entry,45,,,Franking Credits,"54,900.00  ",,"110,138.10  "
18/12/2006,Journal Entry,8,,,Franking Credits,,63.60  ,"110,074.50  "
30/04/2007,Cheque Expense,,Australian Taxation Office,,Franking Credits,20.00  ,,"110,094.50  "
30/07/2007,Journal Entry,46,,,Franking Credits,"53,346.00  ",,"163,440.50  "
29/10/2007,Cheque Expense,,Australian Taxation Office,,Franking Credits,9.00  ,,"163,449.50  "
31/12/2007,Journal Entry,12,,,Franking Credits,,9.00  ,"163,440.50  "
28/07/2008,Journal Entry,18,,,Franking Credits,"1,539.00  ",,"164,979.50  "
11/11/2008,Cheque Expense,,Australian Taxation Office,,Franking Credits,20.00  ,,"164,999.50  "
12/01/2009,Journal Entry,22,,,Franking Credits,,"1,548.00  ","163,451.50  "
03/03/2009,Cheque Expense,,Australian Taxation Office,,Franking Credits,20.00  ,,"163,471.50  "
30/06/2009,Journal Entry,24,,,Franking Credits,"38,045.61  ",,"201,517.11  "
26/02/2010,Journal Entry,33,,,Franking Credits,"30,349.79  ",,"231,866.90  "
28/07/2010,Cheque Expense,,Australian Taxation Office,,Franking Credits,"15,959.00  ",,"247,825.90  "
28/10/2010,Cheque Expense,,Australian Taxation Office,,Franking Credits,200.00  ,,"248,025.90  "
23/11/2010,Journal Entry,58,,Tax Refund,Franking Credits,,"3,992.30  ","244,033.60  "
20/03/2011,Cheque Expense,,Australian Taxation Office,,Franking Credits,639.00  ,,"244,672.60  "
30/04/2011,Cheque Expense,,Australian Taxation Office,,Franking Credits,554.00  ,,"245,226.60  "
25/09/2011,Cheque Expense,,Australian Taxation Office,,Franking Credits,"4,769.00  ",,"249,995.60  "
28/10/2011,Cheque Expense,,Australian Taxation Office,,Franking Credits,643.00  ,,"250,638.60  "
30/10/2011,Journal Entry,47,,,Franking Credits,220.20  ,,"250,858.80  "
28/02/2012,Cheque Expense,,Australian Taxation Office,,Franking Credits,419.00  ,,"251,277.80  "
30/04/2012,Cheque Expense,1,Australian Taxation Office,,Franking Credits,408.00  ,,"251,685.80  "
30/06/2012,Journal Entry,53,,,Franking Credits,,"42,857.14  ","208,828.66  "
27/07/2012,Cheque Expense,,Australian Taxation Office,,Franking Credits,"3,602.00  ",,"212,430.66  "
29/10/2012,Cheque Expense,,Australian Taxation Office,,Franking Credits,190.00  ,,"212,620.66  "
22/01/2013,Cheque Expense,,Australian Taxation Office,,Franking Credits,962.00  ,,"213,582.66  "
28/04/2013,Cheque Expense,,Australian Taxation Office,,Franking Credits,51.00  ,,"213,633.66  "
30/06/2013,Journal Entry,61,,Franked Dividend,Franking Credits,,"42,000.00  ","171,633.66  "
04/08/2013,Cheque Expense,,Australian Taxation Office,,Franking Credits,"1,140.00  ",,"172,773.66  "
20/10/2013,Cheque Expense,8,Australian Taxation Office,,Franking Credits,345.00  ,,"173,118.66  "
29/01/2014,Cheque Expense,,Australian Taxation Office,,Franking Credits,75.10  ,,"173,193.76  "
26/04/2014,Cheque Expense,,Australian Taxation Office,,Franking Credits,310.00  ,,"173,503.76  "
26/04/2014,Cheque Expense,,Australian Taxation Office,,Franking Credits,935.00  ,,"174,438.76  "
28/07/2014,Cheque Expense,,Australian Taxation Office,,Franking Credits,"1,481.00  ",,"175,919.76  "
29/10/2014,Cheque Expense,,Australian Taxation Office,,Franking Credits,617.00  ,,"176,536.76  "
03/03/2015,Cheque Expense,,Australian Taxation Office,,Franking Credits,617.00  ,,"177,153.76  "
27/04/2015,Cheque Expense,,Australian Taxation Office,,Franking Credits,"1,177.00  ",,"178,330.76  "
27/09/2015,Cheque Expense,,Australian Taxation Office,,Franking Credits,21.40  ,,"178,352.16  "
28/09/2015,Cheque Expense,,Australian Taxation Office,,Franking Credits,804.00  ,,"179,156.16  "
27/10/2015,Cheque Expense,,Australian Taxation Office,,Franking Credits,756.00  ,,"179,912.16  "
26/02/2016,Cheque Expense,,Australian Taxation Office,,Franking Credits,756.00  ,,"180,668.16  "
15/04/2016,Cheque Expense,,Australian Taxation Office,,Franking Credits,756.00  ,,"181,424.16  "
07/05/2016,Journal Entry,64,,Balance franking account with 2014/15 tax return done by Cass,Franking Credits,,0.47  ,"181,423.69  "
27/05/2016,Journal Entry,89,,,Franking Credits,,147.41  ,"181,276.28  "
30/06/2016,Journal Entry,68,,Balance franking account with 2014/15 tax return done by Cass,Franking Credits,22.35  ,,"181,298.63  "
30/06/2016,Journal Entry,67,,,Franking Credits,,"5,357.14  ","175,941.49  "
02/08/2016,Cheque Expense,,Australian Taxation Office,,Franking Credits,732.00  ,,"176,673.49  "
29/10/2016,Cheque Expense,,Australian Taxation Office,,Franking Credits,743.00  ,,"177,416.49  "
24/04/2017,Cheque Expense,,Australian Taxation Office,,Franking Credits,743.00  ,,"178,159.49  "
24/04/2017,Cheque Expense,,Australian Taxation Office,,Franking Credits,743.00  ,,"178,902.49  "
28/06/2017,Journal Entry,140,,,Franking Credits,,213.30  ,"178,689.19  "
30/06/2017,Journal Entry,75,,Dividend to McLaren Williams Family Trust,Franking Credits,,"1,080.00  ","177,609.19  "
02/08/2017,Cheque Expense,,Australian Taxation Office,,Franking Credits,638.00  ,,"178,247.19  "
15/09/2017,Journal Entry,77,,,Franking Credits,209.31  ,,"178,456.50  "
20/09/2017,Journal Entry,78,,,Franking Credits,194.18  ,,"178,650.68  "
02/10/2017,Journal Entry,79,,,Franking Credits,199.94  ,,"178,850.62  "
09/10/2017,Journal Entry,80,,,Franking Credits,205.66  ,,"179,056.28  "
04/12/2017,Cheque Expense,,Australian Taxation Office,,Franking Credits,724.00  ,,"179,780.28  "
15/12/2017,Journal Entry,81,,,Franking Credits,207.03  ,,"179,987.31  "
20/12/2017,Journal Entry,82,,,Franking Credits,191.78  ,,"180,179.09  "
02/01/2018,Journal Entry,83,,,Franking Credits,197.76  ,,"180,376.85  "
08/01/2018,Journal Entry,84,,,Franking Credits,198.81  ,,"180,575.66  "
17/01/2018,Journal Entry,189,,,Franking Credits,,"1,443.20  ","179,132.46  "
15/03/2018,Journal Entry,85,,,Franking Credits,206.23  ,,"179,338.69  "
20/03/2018,Journal Entry,86,,,Franking Credits,192.19  ,,"179,530.88  "
03/04/2018,Journal Entry,88,,,Franking Credits,197.95  ,,"179,728.83  "
09/04/2018,Journal Entry,89,,,Franking Credits,202.10  ,,"179,930.93  "
28/04/2018,Cheque Expense,,Australian Taxation Office,,Franking Credits,724.00  ,,"180,654.93  "
15/06/2018,Journal Entry,91,,,Franking Credits,297.57  ,,"180,952.50  "
20/06/2018,Journal Entry,94,,ANZPG Franked Diviidend,Franking Credits,201.60  ,,"181,154.10  "
30/06/2018,Journal Entry,Conversion,,,Franking Credits,,"25,714.29  ","155,439.81  "
09/07/2018,Journal Entry,99,,,Franking Credits,209.28  ,,"155,649.09  "
23/07/2018,Cheque Expense,,Australian Taxation Office,,Franking Credits,31.00  ,,"155,680.09  "
17/09/2018,Journal Entry,97,,,Franking Credits,466.58  ,,"156,146.67  "
20/09/2018,Journal Entry,95,,,Franking Credits,205.46  ,,"156,352.13  "
01/10/2018,Journal Entry,101,,,Franking Credits,317.60  ,,"156,669.73  "
08/10/2018,Journal Entry,96,,,Franking Credits,209.74  ,,"156,879.47  "
17/12/2018,Journal Entry,102,,,Franking Credits,452.88  ,,"157,332.35  "
20/12/2018,Journal Entry,103,,,Franking Credits,198.05  ,,"157,530.40  "
24/12/2018,Journal Entry,104,,,Franking Credits,,"1,479.00  ","156,051.40  "
31/12/2018,Journal Entry,104,,,Franking Credits,306.95  ,,"156,358.35  "
07/01/2019,Journal Entry,105,,,Franking Credits,283.00  ,,"156,641.35  "
18/03/2019,Journal Entry,106,,,Franking Credits,534.09  ,,"157,175.44  "
20/03/2019,Journal Entry,109,,ANZ Capital Notes 4,Franking Credits,200.09  ,,"157,375.53  "
01/04/2019,Journal Entry,110,,WBCPG HYBRID,Franking Credits,310.24  ,,"157,685.77  "
08/04/2019,Journal Entry,1,,NABPD HYBRID,Franking Credits,288.37  ,,"157,974.14  "
17/06/2019,Journal Entry,112,,NABPF DISTRIBUTION,Franking Credits,144.75  ,,"158,118.89  "
17/06/2019,Journal Entry,113,,CBAPE DISTRIBUTION,Franking Credits,532.63  ,,"158,651.52  "
20/06/2019,Journal Entry,114,,,Franking Credits,197.21  ,,"158,848.73  "
01/07/2019,Journal Entry,24,,,Franking Credits,302.45  ,,"159,151.18  "
07/08/2019,Journal Entry,25,,,Franking Credits,274.54  ,,"159,425.72  "
16/09/2019,Journal Entry,26,,,Franking Credits,270.34  ,,"159,696.06  "
17/09/2019,Journal Entry,27,,,Franking Credits,136.27  ,,"159,832.33  "
20/09/2019,Journal Entry,28,,,Franking Credits,179.81  ,,"160,012.14  "
30/09/2019,Journal Entry,29,,,Franking Credits,277.20  ,,"160,289.34  "
08/10/2019,Journal Entry,30,,,Franking Credits,252.90  ,,"160,542.24  "
16/12/2019,Journal Entry,32,,CBAPE - PERLSVIII,Franking Credits,256.48  ,,"160,798.72  "
17/12/2019,Journal Entry,33,,NABPF - Capital Notes 3,Franking Credits,128.07  ,,"160,926.79  "
20/12/2019,Journal Entry,34,,,Franking Credits,129.33  ,,"161,056.12  "
30/12/2019,Journal Entry,36,,,Franking Credits,261.85  ,,"161,317.97  "
07/01/2020,Journal Entry,37,,NABPD Dividend,Franking Credits,238.12  ,,"161,556.09  "
16/03/2020,Deposit,,,DIVIDEND                                FROM PERLS XII DST    001240312065,Franking Credits,118.13  ,,"161,674.22  "
16/03/2020,Deposit,,,DIVIDEND                                FROM PERLS VIII DST   001240238700,Franking Credits,250.73  ,,"161,924.95  "
17/03/2020,Deposit,,,DIVIDEND                                FROM NABPF MAR DIS    PF203/00814311,Franking Credits,124.62  ,,"162,049.57  "
20/03/2020,Deposit,,,DEBENTURE/NOTE INTEREST                 FROM CAP NOTES 4 DIST C4M20/00615925,Franking Credits,129.21  ,,"162,178.78  "
30/03/2020,Deposit,,,DIVIDEND                                FROM WBCPG DST        001241252640,Franking Credits,261.28  ,,"162,440.06  "
07/04/2020,Deposit,,,DIVIDEND                                FROM NABPD APR        PD204/00811733,Franking Credits,241.23  ,,"162,681.29  "
15/06/2020,Deposit,,Commbank,DIVIDEND                                FROM PERLS XII DST    001241956743,Franking Credits,81.51  ,,"162,762.80  "
15/06/2020,Deposit,,,DIVIDEND                                FROM PERLS VIII DST   001241972843,Franking Credits,240.95  ,,"163,003.75  "
17/06/2020,Deposit,,NAB,DIVIDEND                                FROM NABPF JUN DIS    PF204/00813863,Franking Credits,117.52  ,,"163,121.27  "
22/06/2020,Deposit,,ANZ Bank,DEBENTURE/NOTE INTEREST                 FROM CAP NOTES 4 DIST C4J20/00615409,Franking Credits,161.31  ,,"163,282.58  "
30/06/2020,Journal Entry,40,,WBCPG Distribution,Franking Credits,239.25  ,,"163,521.83  "
07/07/2020,Journal Entry,41,,NABPD Distribution,Franking Credits,213.04  ,,"163,734.87  "
15/09/2020,Journal Entry,43,,,Franking Credits,220.42  ,,"163,955.29  "
15/09/2020,Journal Entry,45,,,Franking Credits,70.33  ,,"164,025.62  "
17/09/2020,Journal Entry,46,,,Franking Credits,105.41  ,,"164,131.03  "
21/09/2020,Journal Entry,47,,,Franking Credits,143.74  ,,"164,274.77  "
30/09/2020,Journal Entry,48,,,Franking Credits,226.85  ,,"164,501.62  "
07/10/2020,Journal Entry,49,,,Franking Credits,210.12  ,,"164,711.74  "
15/12/2020,Deposit,,,DIVIDEND                                FROM PERLS VIII DST   001254705229,Franking Credits,217.73  ,,"164,929.47  "
15/12/2020,Deposit,,,DIVIDEND                                FROM PERLS XII DST    001254773304,Franking Credits,69.40  ,,"164,998.87  "
17/12/2020,Deposit,,,DIVIDEND                                FROM NABPF DEC DIS    PF212/00813351,Franking Credits,104.01  ,,"165,102.88  "
21/12/2020,Deposit,,,DEBENTURE/NOTE INTEREST                 FROM CAP NOTES 4 DIST C4D20/00614746,Franking Credits,143.31  ,,"165,246.19  "
30/12/2020,Deposit,,,DIVIDEND                                FROM WBCPG DST        001254937347,Franking Credits,224.07  ,,"165,470.26  "
07/01/2021,Deposit,,,DIVIDEND                                FROM NABPD JAN        PD213/00811036,Franking Credits,209.29  ,,"165,679.55  "
15/03/2021,Deposit,,,DIVIDEND                                FROM PERLS XII DST    001258548783,Franking Credits,66.97  ,,"165,746.52  "
15/03/2021,Deposit,,,DIVIDEND                                FROM PERLS VIII DST   001258452226,Franking Credits,212.31  ,,"165,958.83  "
17/03/2021,Deposit,,,DIVIDEND                                FROM NABPF MAR DIS    PF213/00813117,Franking Credits,100.97  ,,"166,059.80  "
22/03/2021,Deposit,,,DEBENTURE/NOTE INTEREST                 FROM CAP NOTES 4 DIST C4M21/00614486,Franking Credits,141.03  ,,"166,200.83  "
30/03/2021,Deposit,,,DIVIDEND                                FROM WBCPG DST        001259531801,Franking Credits,217.93  ,,"166,418.76  "
07/04/2021,Deposit,,,DIVIDEND                                FROM NABPD APR        PD214/00810801,Franking Credits,202.20  ,,"166,620.96  "
18/05/2021,Expense,,Australian Taxation Office,ANZ INTERNET BANKING BPAY               TAX OFFICE PAYMENT            {768491},Franking Credits,"1,410.40  ",,"168,031.36  "
15/06/2021,Deposit,,Commbank,DIVIDEND                                FROM PERLS VIII DST   001261384624,Franking Credits,217.80  ,,"168,249.16  "
15/06/2021,Deposit,,Commbank,CBAPI,Franking Credits,68.89  ,,"168,318.05  "
17/06/2021,Deposit,,,DIVIDEND                                FROM NABPF JUN DIS    PF214/00812839,Franking Credits,103.74  ,,"168,421.79  "
21/06/2021,Deposit,,,DEBENTURE/NOTE INTEREST                 FROM ANZ CAP NOTES 4  C4J21/00614108,Franking Credits,141.53  ,,"168,563.32  "
30/06/2021,Journal Entry,68,,Fully Franked Dividend to McLaren Williams Family Trust,Franking Credits,,"4,285.00  ","164,278.32  "
30/06/2021,Journal Entry,54,,,Franking Credits,223.89  ,,"164,502.21  "
07/07/2021,Deposit,,,DIVIDEND                                FROM NABPD JUL        PD221/00810531,Franking Credits,205.45  ,,"164,707.66  "
15/09/2021,Deposit,,,DIVIDEND                                FROM WBCPG DST SEP    001267128960,Franking Credits,187.02  ,,"164,894.68  "
15/09/2021,Deposit,,,DIVIDEND                                FROM PERLS VIII DST   001267235584,Franking Credits,217.28  ,,"165,111.96  "
15/09/2021,Deposit,,,DIVIDEND                                FROM PERLS XII DST    001267190436,Franking Credits,68.61  ,,"165,180.57  "
17/09/2021,Deposit,,,DIVIDEND                                FROM NABPF SEP DIS    PF221/00812485,Franking Credits,103.31  ,,"165,283.88  "
20/09/2021,Deposit,,,DEBENTURE/NOTE INTEREST                 FROM ANZ CAP NOTES 6  C6S21/00212915,Franking Credits,161.91  ,,"165,445.79  "
20/09/2021,Deposit,,,DEBENTURE/NOTE INTEREST                 FROM ANZ CAP NOTES 4  C4S21/00613732,Franking Credits,141.46  ,,"165,587.25  "
23/09/2021,Transfer,,,,Franking Credits,352.00  ,,"165,939.25  "
07/10/2021,Deposit,,,DIVIDEND                                FROM NABPD OCT        PD222/00810266,Franking Credits,206.91  ,,"166,146.16  "
15/10/2021,Deposit,,Commbank,,Franking Credits,70.67  ,,"166,216.83  "
15/12/2021,Deposit,,,DIVIDEND                                FROM PERLS XII DST    001270367747,Franking Credits,67.56  ,,"166,284.39  "
17/12/2021,Deposit,,,DIVIDEND                                FROM NABPF DEC DIS    PF222/00812148,Franking Credits,102.06  ,,"166,386.45  "
20/12/2021,Deposit,,,DEBENTURE/NOTE INTEREST                 FROM ANZ CAP NOTES 4  C4D21/00613294,Franking Credits,141.00  ,,"166,527.45  "
20/12/2021,Deposit,,,DEBENTURE/NOTE INTEREST                 FROM ANZ CAP NOTES 6  C6D21/00212657,Franking Credits,198.30  ,,"166,725.75  "
21/12/2021,Deposit,,,DIVIDEND                                FROM WBCPK DST DEC    001270489588,Franking Credits,139.24  ,,"166,864.99  "
07/01/2022,Deposit,,,DIVIDEND                                FROM NABPD JAN        PD223/00809997,Franking Credits,206.75  ,,"167,071.74  "
15/03/2022,Deposit,,,DIVIDEND                                FROM PERLS XII DST    001275216563,Franking Credits,67.95  ,,"167,139.69  "
17/03/2022,Deposit,,,DIVIDEND                                FROM NABPF MAR DIS    PF223/00811913,Franking Credits,102.38  ,,"167,242.07  "
21/03/2022,Deposit,,,DIVIDEND                                FROM WBCPK DST MAR    001275879285,Franking Credits,131.94  ,,"167,374.01  "
21/03/2022,Deposit,,,DEBENTURE/NOTE INTEREST                 FROM ANZ CAP NOTES 6  C6M22/00212440,Franking Credits,201.73  ,,"167,575.74  "
21/03/2022,Deposit,,,DEBENTURE/NOTE INTEREST                 FROM ANZ CAP NOTES 4  C4M22/00613033,Franking Credits,142.56  ,,"167,718.30  "
07/04/2022,Deposit,,,DIVIDEND                                FROM NABPD APR        PD224/00809773,Franking Credits,204.13  ,,"167,922.43  "
01/06/2022,Deposit,,Australian Taxation Office,Refund from Tax Office,Franking Credits,,352.00  ,"167,570.43  "
15/06/2022,Deposit,,,DIVIDEND                                FROM PERLS XII DST    001278395505,Franking Credits,71.56  ,,"167,641.99  "
17/06/2022,Deposit,,,DIVIDEND                                FROM NABPF JUN DIS    PF224/00811658,Franking Credits,106.94  ,,"167,748.93  "
20/06/2022,Deposit,,,DEBENTURE/NOTE INTEREST                 FROM ANZ CAP NOTES 6  C6J22/00212250,Franking Credits,209.31  ,,"167,958.24  "
20/06/2022,Deposit,,,DEBENTURE/NOTE INTEREST                 FROM ANZ CAP NOTES 4  C4J22/00612732,Franking Credits,240.91  ,,"168,199.15  "
21/06/2022,Deposit,,,DIVIDEND                                FROM WBCPK DST JUN    001278533898,Franking Credits,139.81  ,,"168,338.96  "
30/06/2022,Journal Entry,70,,,Franking Credits,239.56  ,,"168,578.52  "
30/06/2022,Journal Entry,80,,,Franking Credits,,"1,800.00  ","166,778.52  "
01/07/2022,Journal Entry,159,,Write off Foreign Tax Credit through Franking Account,Franking Credits,15.36  ,,"166,793.88  "
07/07/2022,Deposit,,,DIVIDEND                                FROM NABPD JUL        PD23C/00805542,Franking Credits,268.32  ,,"167,062.20  "
15/09/2022,Deposit,,,DIVIDEND                                FROM PERLS XIII DST   001284108768,Franking Credits,101.07  ,,"167,163.27  "
15/09/2022,Deposit,,,DIVIDEND                                FROM PERLS XII DST    001284141878,Franking Credits,160.11  ,,"167,323.38  "
19/09/2022,Deposit,,,DIVIDEND                                FROM NABPI SEP DIS    PI231/00808161,Franking Credits,123.63  ,,"167,447.01  "
19/09/2022,Deposit,,,DIVIDEND                                FROM NABPF SEP DIS    PF231/00811611,Franking Credits,152.33  ,,"167,599.34  "
20/09/2022,Deposit,,,DEBENTURE/NOTE INTEREST                 FROM ANZ CAP NOTES 4  C4S22/00612482,Franking Credits,326.19  ,,"167,925.53  "
20/09/2022,Deposit,,,DEBENTURE/NOTE INTEREST                 FROM ANZ CAP NOTES 6  C6S22/00212191,Franking Credits,321.81  ,,"168,247.34  "
21/09/2022,Deposit,,,DIVIDEND                                FROM WBCPK DST        001284546853,Franking Credits,212.25  ,,"168,459.59  "
15/12/2022,Deposit,,,DIVIDEND                                FROM PERLS XIII DST   001287491056,Franking Credits,123.49  ,,"168,583.08  "
15/12/2022,Deposit,,,DIVIDEND                                FROM PERLS XII DST    001287477600,Franking Credits,193.65  ,,"168,776.73  "
19/12/2022,Deposit,,,DIVIDEND                                FROM NABPF DEC DIS    PF232/00811614,Franking Credits,173.97  ,,"168,950.70  "
19/12/2022,Deposit,,,DIVIDEND                                FROM NABPI DEC DIS    PI232/00808357,Franking Credits,179.25  ,,"169,129.95  "
20/12/2022,Deposit,,,,Franking Credits,373.85  ,,"169,503.80  "
20/12/2022,Deposit,,,DEBENTURE/NOTE INTEREST                 FROM ANZ CAP NOTES 6  C6D22/00211994,Franking Credits,386.57  ,,"169,890.37  "
21/12/2022,Deposit,,,DIVIDEND                                FROM WBCPK DST        001287818424,Franking Credits,260.51  ,,"170,150.88  "
12/01/2023,Deposit,,,,Franking Credits,105.30  ,,"170,256.18  "
15/03/2023,Journal Entry,87,,CBA Hybrid,Franking Credits,205.28  ,,"170,461.46  "
15/03/2023,Journal Entry,83,,CBA Hybrid,Franking Credits,131.31  ,,"170,592.77  "
17/03/2023,Journal Entry,85,,NAB Hybrid,Franking Credits,72.93  ,,"170,665.70  "
17/03/2023,Journal Entry,86,,NAB Hybrid,Franking Credits,183.75  ,,"170,849.45  "
20/03/2023,Journal Entry,81,,ANZ Hybrid,Franking Credits,386.04  ,,"171,235.49  "
20/03/2023,Journal Entry,82,,ANZ Hybrid,Franking Credits,404.07  ,,"171,639.56  "
21/03/2023,Journal Entry,88,,WBC Hybrid,Franking Credits,271.18  ,,"171,910.74  "
15/06/2023,Journal Entry,84,,CBA Hybrid,Franking Credits,226.57  ,,"172,137.31  "
15/06/2023,Journal Entry,99,,CBA Hybrid,Franking Credits,145.38  ,,"172,282.69  "
19/06/2023,Journal Entry,92,,NAB Hybrid,Franking Credits,83.13  ,,"172,365.82  "
19/06/2023,Journal Entry,93,,NAB Hybrid,Franking Credits,211.25  ,,"172,577.07  "
20/06/2023,Journal Entry,89,,ANZ Hybrid,Franking Credits,418.66  ,,"172,995.73  "
20/06/2023,Journal Entry,90,,ANZ Hybrid,Franking Credits,445.07  ,,"173,440.80  "
21/06/2023,Journal Entry,94,,WBC Hybrid,Franking Credits,298.93  ,,"173,739.73  "
13/07/2023,Journal Entry,110,,OZR.AX,Franking Credits,69.27  ,,"173,809.00  "
16/09/2023,Journal Entry,114,,CBAPI.AX,Franking Credits,246.22  ,,"174,055.22  "
16/09/2023,Journal Entry,115,,CBAPJ.AX,Franking Credits,158.48  ,,"174,213.70  "
19/09/2023,Journal Entry,116,,NABPI.AX,Franking Credits,310.41  ,,"174,524.11  "
21/09/2023,Journal Entry,117,,AN3PI.AX,Franking Credits,937.03  ,,"175,461.14  "
22/09/2023,Journal Entry,118,,WBCPK.AX,Franking Credits,325.93  ,,"175,787.07  "
16/12/2023,Journal Entry,121,,CBAPJ.AX,Franking Credits,394.21  ,,"176,181.28  "
19/12/2023,Journal Entry,122,,NABPI.AX,Franking Credits,302.51  ,,"176,483.79  "
21/12/2023,Journal Entry,123,,AN3PI.AX,Franking Credits,584.37  ,,"177,068.16  "
22/12/2023,Journal Entry,124,,WBCPK.AX,Franking Credits,316.18  ,,"177,384.34  "
16/03/2024,Journal Entry,128,,CBAPI.AX,Franking Credits,406.69  ,,"177,791.03  "
19/03/2024,Journal Entry,129,,AGVT.AX,Franking Credits,312.33  ,,"178,103.36  "
21/03/2024,Journal Entry,130,,AN3PG.AX,Franking Credits,601.49  ,,"178,704.85  "
22/03/2024,Journal Entry,131,,WBCPK.AX,Franking Credits,326.21  ,,"179,031.06  "
29/05/2024,Expense,,,ANZ INTERNET BANKING BPAY               TAX OFFICE PAYMENT            {826856},Franking Credits,"1,070.52  ",,"180,101.58  "
18/06/2024,Journal Entry,137,,,Franking Credits,160.95  ,,"180,262.53  "
18/06/2024,Journal Entry,138,,,Franking Credits,87.48  ,,"180,350.01  "
18/06/2024,Journal Entry,136,,,Franking Credits,249.93  ,,"180,599.94  "
18/06/2024,Journal Entry,139,,,Franking Credits,224.50  ,,"180,824.44  "
20/06/2024,Journal Entry,140,,,Franking Credits,355.26  ,,"181,179.70  "
22/06/2024,Journal Entry,141,,,Franking Credits,328.91  ,,"181,508.61  "
30/06/2024,Journal Entry,162,,,Franking Credits,,"8,400.00  ","173,108.61  "
11/07/2024,Expense,,,ANZ INTERNET BANKING BPAY               TAX OFFICE PAYMENT            {475873},Franking Credits,283.00  ,,"173,391.61  "
17/09/2024,Journal Entry,150,,CBAPI.AX,Franking Credits,250.81  ,,"173,642.42  "
17/09/2024,Journal Entry,151,,CBAPJ.AX,Franking Credits,161.54  ,,"173,803.96  "
18/09/2024,Journal Entry,153,,NABPI.AX,Franking Credits,227.49  ,,"174,031.45  "
18/09/2024,Journal Entry,152,,NABPF.AX,Franking Credits,88.62  ,,"174,120.07  "
20/09/2024,Journal Entry,209,,AN3PI.AX,Franking Credits,82.27  ,,"174,202.34  "
21/09/2024,Journal Entry,154,,AN3PI.AX,Franking Credits,152.80  ,,"174,355.14  "
24/09/2024,Journal Entry,155,,WBCPK.AX,Franking Credits,220.56  ,,"174,575.70  "
06/11/2024,Expense,,,ANZ INTERNET BANKING BPAY               TAX OFFICE PAYMENT            {658783},Franking Credits,283.00  ,,"174,858.70  "
17/12/2024,Journal Entry,164,,CBAPI.AX,Franking Credits,249.62  ,,"175,108.32  "
17/12/2024,Journal Entry,165,,CBAPJ.AX,Franking Credits,160.79  ,,"175,269.11  "
18/12/2024,Journal Entry,166,,NABPF.AX,Franking Credits,88.14  ,,"175,357.25  "
18/12/2024,Journal Entry,168,,NAPBPI.AX,Franking Credits,226.41  ,,"175,583.66  "
21/12/2024,Journal Entry,169,,AN3PI.AX,Franking Credits,247.60  ,,"175,831.26  "
24/12/2024,Journal Entry,170,,WBCPK.AX,Franking Credits,219.24  ,,"176,050.50  "
17/03/2025,Expense,,,ANZ INTERNET BANKING BPAY               TAX OFFICE PAYMENT            {954640},Franking Credits,283.00  ,,"176,333.50  "
18/03/2025,Journal Entry,176,,NABPI.AX,Franking Credits,225.34  ,,"176,558.84  "
18/03/2025,Journal Entry,173,,CBAPI.AX,Franking Credits,248.32  ,,"176,807.16  "
18/03/2025,Journal Entry,174,,CBAPJ.AX,Franking Credits,159.99  ,,"176,967.15  "
18/03/2025,Journal Entry,175,,NABPF.AX,Franking Credits,87.67  ,,"177,054.82  "
28/04/2025,Expense,,,ANZ INTERNET BANKING BPAY               TAX OFFICE PAYMENT            {532334},Franking Credits,283.00  ,,"177,337.82  "
16/05/2025,Expense,,,ANZ INTERNET BANKING BPAY               TAX OFFICE PAYMENT            {956745},Franking Credits,612.16  ,,"177,949.98  "
17/06/2025,Journal Entry,195,,CBAPI.AX,Franking Credits,242.06  ,,"178,192.04  "
17/06/2025,Journal Entry,196,,CBAPJ.AX,Franking Credits,155.70  ,,"178,347.74  "
18/06/2025,Journal Entry,197,,NABPF.AX,Franking Credits,85.89  ,,"178,433.63  "
18/06/2025,Journal Entry,198,,NABPI.AX,Franking Credits,219.70  ,,"178,653.33  "
19/06/2025,Journal Entry,199,,BHYB.AX,Franking Credits,65.77  ,,"178,719.10  "
19/06/2025,Journal Entry,204,,HBRD.AX,Franking Credits,62.64  ,,"178,781.74  "
30/06/2025,Journal Entry,210,,,Franking Credits,,"8,400.00  ","170,381.74  "
,,,,,,"A$319,523.59  ","A$149,141.85  ",
,,,,,,,,
30/06/2005,Journal Entry,4,,,Franking Credits - Awaiting Pay,"55,238.10  ",,"55,238.10  "
15/02/2006,Journal Entry,43,,,Franking Credits - Awaiting Pay,,"45,238.10  ","10,000.00  "
28/02/2006,Journal Entry,44,,,Franking Credits - Awaiting Pay,,"10,000.00  ",0.00  
30/06/2006,Journal Entry,8,,,Franking Credits - Awaiting Pay,"54,900.00  ",,"54,900.00  "
28/07/2006,Journal Entry,45,,,Franking Credits - Awaiting Pay,,"54,900.00  ",0.00  
30/06/2007,Journal Entry,13,,,Franking Credits - Awaiting Pay,"53,346.00  ",,"53,346.00  "
30/07/2007,Journal Entry,46,,,Franking Credits - Awaiting Pay,,"53,346.00  ",0.00  
,,,,,,"A$163,484.10  ","A$163,484.10  ",
,,,,,,,,
01/03/2019,Cheque Expense,,Transfer Money,,Loan to A.Emery,"30,000.00  ",,"30,000.00  "
06/05/2019,Cheque Expense,,Transfer Money,,Loan to A.Emery,"40,000.00  ",,"70,000.00  "
06/05/2019,Cheque Expense,,Transfer Money,,Loan to A.Emery,"20,000.00  ",,"90,000.00  "
30/06/2020,Journal Entry,39,,,Loan to A.Emery,,"90,000.00  ",0.00  
01/10/2021,Transfer,,,,Loan to A.Emery,"20,000.00  ",,"20,000.00  "
03/10/2021,Transfer,,,,Loan to A.Emery,"20,000.00  ",,"40,000.00  "
06/10/2021,Transfer,,,,Loan to A.Emery,"10,000.00  ",,"50,000.00  "
22/12/2021,Transfer,,,,Loan to A.Emery,,"50,000.00  ",0.00  
24/02/2025,Transfer,,,,Loan to A.Emery,"49,000.00  ",,"49,000.00  "
25/02/2025,Expense,,,ANZ INTERNET BANKING PAYMENT 479636     TO AEMERY PTY LTD,Loan to A.Emery,"50,000.00  ",,"99,000.00  "
03/03/2025,Transfer,,,,Loan to A.Emery,"50,000.00  ",,"149,000.00  "
04/03/2025,Expense,,,ANZ INTERNET BANKING PAYMENT 520941     TO AEMERY PTY LTD,Loan to A.Emery,"50,000.00  ",,"199,000.00  "
22/04/2025,Deposit,,,PAYMENT FROM A.EMERY PTY LTD,Loan to A.Emery,,"99,000.00  ","100,000.00  "
01/05/2025,Deposit,,,PAYMENT FROM A.EMERY PTY LTD,Loan to A.Emery,,"50,000.00  ","50,000.00  "
07/05/2025,Deposit,,,PAYMENT FROM A.EMERY PTY LTD,Loan to A.Emery,,"50,000.00  ",0.00  
,,,,,,"A$339,000.00  ","A$339,000.00  ",
,,,,,,,,
22/03/2005,Journal Entry,1,,,Loan from McL Will Family Trust (deleted),,790.00  ,790.00  
02/04/2006,Journal Entry,6,,Annual Review Fee,Loan from McL Will Family Trust (deleted),,212.00  ,"1,002.00  "
30/06/2008,Journal Entry,19,,Dividend Fully Franked to McLaren Williams Family,Loan from McL Will Family Trust (deleted),,"15,200.00  ","16,202.00  "
30/06/2008,Journal Entry,20,,,Loan from McL Will Family Trust (deleted),"16,202.00  ",,0.00  
,,,,,,"A$16,202.00  ","A$16,202.00  ",
,,,,,,,,
,,,,,,,,
30/06/2005,Journal Entry,4,,,Tax Payable:Income Tax,,"55,238.10  ","55,238.10  "
15/02/2006,Journal Entry,3,,,Tax Payable:Income Tax,"45,238.10  ",,"10,000.00  "
28/02/2006,Journal Entry,5,,,Tax Payable:Income Tax,"10,000.00  ",,0.00  
30/06/2006,Journal Entry,8,,,Tax Payable:Income Tax,,"54,900.00  ","54,900.00  "
28/07/2006,Journal Entry,7,,,Tax Payable:Income Tax,"54,900.00  ",,0.00  
30/06/2007,Journal Entry,13,,Provision for income tax,Tax Payable:Income Tax,,"53,346.00  ","53,346.00  "
30/07/2007,Journal Entry,11,,,Tax Payable:Income Tax,"53,346.00  ",,0.00  
,,,,,,"A$163,484.10  ","A$163,484.10  ",
,,,,,,"A$163,484.10  ","A$163,484.10  ",
,,,,,,,,
30/06/2008,Journal Entry,19,,,Retained Earnings,"15,200.00  ",,"-15,200.00  "
30/06/2012,Journal Entry,53,,Franked Dividend,Retained Earnings,"100,000.00  ",,"-115,200.00  "
30/06/2012,Journal Entry,53,,,Retained Earnings,"42,857.14  ",,"-158,057.14  "
30/06/2012,Journal Entry,53,,Unfranked Dividend,Retained Earnings,"8,974.71  ",,"-167,031.85  "
30/06/2013,Journal Entry,61,,Franked Dividend,Retained Earnings,"98,000.00  ",,"-265,031.85  "
30/06/2013,Journal Entry,61,,Franked Dividend,Retained Earnings,"42,000.00  ",,"-307,031.85  "
30/06/2016,Journal Entry,67,,,Retained Earnings,"12,500.00  ",,"-319,531.85  "
30/06/2016,Journal Entry,67,,,Retained Earnings,"5,357.14  ",,"-324,888.99  "
30/06/2017,Journal Entry,75,,Dividend to McLaren Williams Family TrustDividend to McLaren Williams Family Trust,Retained Earnings,"1,080.00  ",,"-325,968.99  "
30/06/2017,Journal Entry,75,,Dividend to McLaren Williams Family Trust,Retained Earnings,"2,520.00  ",,"-328,488.99  "
30/06/2018,Journal Entry,Conversion,,,Retained Earnings,"70,514.29  ",,"-399,003.28  "
30/06/2021,Journal Entry,68,,Fully Franked Dividend to McLaren Williams Family Trust,Retained Earnings,"14,285.00  ",,"-413,288.28  "
30/06/2022,Journal Entry,80,,,Retained Earnings,"6,000.00  ",,"-419,288.28  "
30/06/2024,Journal Entry,162,,,Retained Earnings,"28,000.00  ",,"-447,288.28  "
30/06/2025,Journal Entry,210,,,Retained Earnings,"28,000.00  ",,"-475,288.28  "
,,,,,,"A$475,288.28  ",,
,,,,,,,,
22/03/2005,Journal Entry,1,,,Share Allocation,,10.00  ,10.00  
,,,,,,,A$10.00  ,
,,,,,,,,
01/03/2022,Journal Entry,63,,"Sell VRS 250,000 @ $0.072 (Brokerage $55.79)",Capital Gain,,"3,334.31  ","3,334.31  "
29/06/2022,Expense,,,Capital Loss on Shares OZR,Capital Gain,622.81  ,,"2,711.50  "
30/06/2022,Journal Entry,70,,,Capital Gain,,225.88  ,"2,937.38  "
09/08/2023,Journal Entry,101,,Sell OZR,Capital Gain,614.61  ,,"2,322.77  "
,,,,,,"A$1,237.42  ","A$3,560.19  ",
,,,,,,,,
27/03/2018,Journal Entry,90,,,Capital Gain:Hybrids,"1,409.08  ",,"-1,409.08  "
13/08/2019,Journal Entry,116,,,Capital Gain:Hybrids,,908.56  ,-500.52  
08/06/2021,Journal Entry,53,,Capital Loss on Sale of RSM shares,Capital Gain:Hybrids,"1,354.06  ",,"-1,854.58  "
15/09/2021,Journal Entry,58,,"Capital Loss on Sale : Cost Base $62,945.30",Capital Gain:Hybrids,"2,945.50  ",,"-4,800.08  "
15/10/2021,Journal Entry,60,,"Cost Base from purchases on 11/8/17, 5/9/17 & 22/3/18 equal to $58723.47",Capital Gain:Hybrids,"3,723.47  ",,"-8,523.55  "
07/07/2022,Deposit,,,Loss on redemption of NABPD (Cost Base $72338.05),Capital Gain:Hybrids,"3,838.05  ",,"-12,361.60  "
28/12/2022,Journal Entry,74,,Sell 200 NABPF @ $107.30,Capital Gain:Hybrids,,"1,393.48  ","-10,968.12  "
24/03/2024,Journal Entry,109,,Capital Loss on sale of 66o AN3PG,Capital Gain:Hybrids,"4,141.76  ",,"-15,109.88  "
29/07/2024,Journal Entry,145,,Sell 300 AN3PI.AX  - Cost Basis $30000,Capital Gain:Hybrids,,"1,327.89  ","-13,781.99  "
31/07/2024,Journal Entry,146,,Sell 200 WBCPK.AX - Cost Basis $20000,Capital Gain:Hybrids,,839.27  ,"-12,942.72  "
24/02/2025,Journal Entry,180,,Sell 400  WBCPK.AX - Cost Basis $40000,Capital Gain:Hybrids,,"1,726.25  ","-11,216.47  "
24/02/2025,Journal Entry,179,,Sell 580 AN3PI.AX  @ $104.17 - Cost Base $58000,Capital Gain:Hybrids,,"2,151.02  ","-9,065.45  "
,,,,,,"A$17,411.92  ","A$8,346.47  ",
,,,,,,"A$18,649.34  ","A$11,906.66  ",
,,,,,,,,
,,,,,,,,
15/09/2017,Journal Entry,77,,CBA,Dividend:Franked,,488.40  ,488.40  
20/09/2017,Journal Entry,78,,ANZ,Dividend:Franked,,453.08  ,941.48  
02/10/2017,Journal Entry,79,,WBC,Dividend:Franked,,466.52  ,"1,408.00  "
09/10/2017,Journal Entry,80,,NAB,Dividend:Franked,,479.88  ,"1,887.88  "
15/12/2017,Journal Entry,81,,CBA,Dividend:Franked,,483.08  ,"2,370.96  "
20/12/2017,Journal Entry,82,,ANZ,Dividend:Franked,,447.48  ,"2,818.44  "
02/01/2018,Journal Entry,83,,WBC,Dividend:Franked,,461.44  ,"3,279.88  "
08/01/2018,Journal Entry,84,,NAB,Dividend:Franked,,463.78  ,"3,743.66  "
15/03/2018,Journal Entry,85,,CBA,Dividend:Franked,,481.20  ,"4,224.86  "
20/03/2018,Journal Entry,86,,,Dividend:Franked,,448.44  ,"4,673.30  "
03/04/2018,Journal Entry,88,,WBC,Dividend:Franked,,461.88  ,"5,135.18  "
09/04/2018,Journal Entry,89,,NAB,Dividend:Franked,,471.56  ,"5,606.74  "
15/06/2018,Journal Entry,91,,CBA,Dividend:Franked,,694.32  ,"6,301.06  "
20/06/2018,Journal Entry,94,,ANZPG Franked Diviidend,Dividend:Franked,,470.40  ,"6,771.46  "
09/07/2018,Journal Entry,99,,,Dividend:Franked,,488.32  ,"7,259.78  "
17/09/2018,Journal Entry,97,,,Dividend:Franked,,"1,088.68  ","8,348.46  "
20/09/2018,Journal Entry,95,,,Dividend:Franked,,479.40  ,"8,827.86  "
01/10/2018,Journal Entry,101,,,Dividend:Franked,,741.06  ,"9,568.92  "
08/10/2018,Journal Entry,96,,,Dividend:Franked,,489.40  ,"10,058.32  "
17/12/2018,Journal Entry,102,,,Dividend:Franked,,"1,056.72  ","11,115.04  "
20/12/2018,Journal Entry,103,,,Dividend:Franked,,462.12  ,"11,577.16  "
31/12/2018,Journal Entry,104,,,Dividend:Franked,,716.22  ,"12,293.38  "
07/01/2019,Journal Entry,105,,,Dividend:Franked,,660.33  ,"12,953.71  "
18/03/2019,Journal Entry,106,,,Dividend:Franked,,"1,246.20  ","14,199.91  "
20/03/2019,Journal Entry,109,,ANZ Capital Notes 4,Dividend:Franked,,466.88  ,"14,666.79  "
01/04/2019,Journal Entry,110,,WBCPG HYBRID,Dividend:Franked,,723.90  ,"15,390.69  "
08/04/2019,Journal Entry,1,,NABPD HYBRID,Dividend:Franked,,672.87  ,"16,063.56  "
17/06/2019,Journal Entry,113,,CBAPE DISTRIBUTION,Dividend:Franked,,"1,242.80  ","17,306.36  "
17/06/2019,Journal Entry,112,,NABPF DISTRIBUTION,Dividend:Franked,,337.76  ,"17,644.12  "
20/06/2019,Journal Entry,114,,,Dividend:Franked,,460.16  ,"18,104.28  "
01/07/2019,Journal Entry,24,,,Dividend:Franked,,705.72  ,"18,810.00  "
07/08/2019,Journal Entry,25,,,Dividend:Franked,,640.59  ,"19,450.59  "
16/09/2019,Journal Entry,26,,,Dividend:Franked,,630.80  ,"20,081.39  "
17/09/2019,Journal Entry,27,,,Dividend:Franked,,317.97  ,"20,399.36  "
20/09/2019,Journal Entry,28,,,Dividend:Franked,,419.56  ,"20,818.92  "
30/09/2019,Journal Entry,29,,,Dividend:Franked,,646.80  ,"21,465.72  "
08/10/2019,Journal Entry,30,,,Dividend:Franked,,590.10  ,"22,055.82  "
16/12/2019,Journal Entry,32,,CBAPE - PERLSVIII,Dividend:Franked,,598.46  ,"22,654.28  "
17/12/2019,Journal Entry,33,,NABPF - Capital Notes 3,Dividend:Franked,,298.83  ,"22,953.11  "
20/12/2019,Journal Entry,34,,,Dividend:Franked,,301.78  ,"23,254.89  "
30/12/2019,Journal Entry,36,,,Dividend:Franked,,610.98  ,"23,865.87  "
07/01/2020,Journal Entry,37,,NABPD Dividend,Dividend:Franked,,555.61  ,"24,421.48  "
16/03/2020,Deposit,,,CBAPI Dividend,Dividend:Franked,,275.64  ,"24,697.12  "
16/03/2020,Deposit,,,DIVIDEND                                FROM PERLS VIII DST   001240238700,Dividend:Franked,,585.04  ,"25,282.16  "
17/03/2020,Deposit,,,DIVIDEND                                FROM NABPF MAR DIS    PF203/00814311,Dividend:Franked,,290.77  ,"25,572.93  "
20/03/2020,Deposit,,,DEBENTURE/NOTE INTEREST                 FROM CAP NOTES 4 DIST C4M20/00615925,Dividend:Franked,,301.48  ,"25,874.41  "
30/03/2020,Deposit,,,DIVIDEND                                FROM WBCPG DST        001241252640,Dividend:Franked,,609.66  ,"26,484.07  "
07/04/2020,Deposit,,,DIVIDEND                                FROM NABPD APR        PD204/00811733,Dividend:Franked,,562.87  ,"27,046.94  "
15/06/2020,Deposit,,,DIVIDEND                                FROM PERLS VIII DST   001241972843,Dividend:Franked,,562.21  ,"27,609.15  "
15/06/2020,Deposit,,Commbank,DIVIDEND                                FROM PERLS XII DST    001241956743,Dividend:Franked,,190.20  ,"27,799.35  "
17/06/2020,Deposit,,NAB,DIVIDEND                                FROM NABPF JUN DIS    PF204/00813863,Dividend:Franked,,274.21  ,"28,073.56  "
22/06/2020,Deposit,,ANZ Bank,DEBENTURE/NOTE INTEREST                 FROM CAP NOTES 4 DIST C4J20/00615409,Dividend:Franked,,376.40  ,"28,449.96  "
30/06/2020,Journal Entry,40,,WBCPG Distribution,Dividend:Franked,,558.24  ,"29,008.20  "
07/07/2020,Journal Entry,41,,NABPD Distribution,Dividend:Franked,,497.09  ,"29,505.29  "
15/09/2020,Journal Entry,43,,,Dividend:Franked,,514.31  ,"30,019.60  "
15/09/2020,Journal Entry,45,,,Dividend:Franked,,164.10  ,"30,183.70  "
17/09/2020,Journal Entry,46,,,Dividend:Franked,,245.96  ,"30,429.66  "
21/09/2020,Journal Entry,47,,,Dividend:Franked,,335.40  ,"30,765.06  "
30/09/2020,Journal Entry,48,,,Dividend:Franked,,529.32  ,"31,294.38  "
07/10/2020,Journal Entry,49,,,Dividend:Franked,,490.27  ,"31,784.65  "
15/12/2020,Deposit,,,CBAPE Distribution,Dividend:Franked,,508.04  ,"32,292.69  "
15/12/2020,Deposit,,,CBAPI Distribution,Dividend:Franked,,161.94  ,"32,454.63  "
17/12/2020,Deposit,,,NABPF DISTRIBUTION,Dividend:Franked,,242.69  ,"32,697.32  "
21/12/2020,Deposit,,,ANZPG Distribution,Dividend:Franked,,334.40  ,"33,031.72  "
30/12/2020,Deposit,,,WBCPG Distribution,Dividend:Franked,,522.84  ,"33,554.56  "
07/01/2021,Deposit,,,DIVIDEND                                FROM NABPD JAN        PD213/00811036,Dividend:Franked,,488.35  ,"34,042.91  "
15/03/2021,Deposit,,,DIVIDEND                                FROM PERLS XII DST    001258548783,Dividend:Franked,,156.27  ,"34,199.18  "
15/03/2021,Deposit,,,DIVIDEND                                FROM PERLS VIII DST   001258452226,Dividend:Franked,,495.39  ,"34,694.57  "
17/03/2021,Deposit,,,DIVIDEND                                FROM NABPF MAR DIS    PF213/00813117,Dividend:Franked,,235.59  ,"34,930.16  "
22/03/2021,Deposit,,,DEBENTURE/NOTE INTEREST                 FROM CAP NOTES 4 DIST C4M21/00614486,Dividend:Franked,,329.08  ,"35,259.24  "
30/03/2021,Deposit,,,DIVIDEND                                FROM WBCPG DST        001259531801,Dividend:Franked,,508.50  ,"35,767.74  "
07/04/2021,Deposit,,,DIVIDEND                                FROM NABPD APR        PD214/00810801,Dividend:Franked,,471.79  ,"36,239.53  "
15/06/2021,Deposit,,Commbank,CBAPI,Dividend:Franked,,160.74  ,"36,400.27  "
15/06/2021,Deposit,,Commbank,CBAPE,Dividend:Franked,,508.20  ,"36,908.47  "
17/06/2021,Deposit,,,NABPF HYBRID,Dividend:Franked,,242.05  ,"37,150.52  "
21/06/2021,Deposit,,,DEBENTURE/NOTE INTEREST                 FROM ANZ CAP NOTES 4  C4J21/00614108,Dividend:Franked,,330.24  ,"37,480.76  "
30/06/2021,Journal Entry,54,,,Dividend:Franked,,522.42  ,"38,003.18  "
07/07/2021,Deposit,,,NABPD,Dividend:Franked,,479.38  ,"38,482.56  "
15/09/2021,Deposit,,,WBCPG,Dividend:Franked,,436.38  ,"38,918.94  "
15/09/2021,Deposit,,,CBAPI,Dividend:Franked,,160.08  ,"39,079.02  "
15/09/2021,Deposit,,,CBAPE,Dividend:Franked,,506.99  ,"39,586.01  "
17/09/2021,Deposit,,,NABPF,Dividend:Franked,,241.06  ,"39,827.07  "
20/09/2021,Deposit,,,ANZ Capital Notes 4,Dividend:Franked,,330.08  ,"40,157.15  "
20/09/2021,Deposit,,,ANZPI,Dividend:Franked,,377.78  ,"40,534.93  "
07/10/2021,Deposit,,,NABPD,Dividend:Franked,,482.79  ,"41,017.72  "
15/10/2021,Deposit,,Commbank,CBAPE Dividend,Dividend:Franked,,164.89  ,"41,182.61  "
15/12/2021,Deposit,,,CBAPI,Dividend:Franked,,157.65  ,"41,340.26  "
17/12/2021,Deposit,,,NABPF,Dividend:Franked,,238.14  ,"41,578.40  "
20/12/2021,Deposit,,,ANZPI,Dividend:Franked,,462.70  ,"42,041.10  "
20/12/2021,Deposit,,,ANZ Capital Notes 4,Dividend:Franked,,329.00  ,"42,370.10  "
21/12/2021,Deposit,,,WBCPK,Dividend:Franked,,324.90  ,"42,695.00  "
07/01/2022,Deposit,,,DIVIDEND                                FROM NABPD JAN        PD223/00809997,Dividend:Franked,,482.41  ,"43,177.41  "
15/03/2022,Deposit,,,DIVIDEND                                FROM PERLS XII DST    001275216563,Dividend:Franked,,158.55  ,"43,335.96  "
17/03/2022,Deposit,,,DIVIDEND                                FROM NABPF MAR DIS    PF223/00811913,Dividend:Franked,,238.88  ,"43,574.84  "
21/03/2022,Deposit,,,DEBENTURE/NOTE INTEREST                 FROM ANZ CAP NOTES 6  C6M22/00212440,Dividend:Franked,,470.71  ,"44,045.55  "
21/03/2022,Deposit,,,DEBENTURE/NOTE INTEREST                 FROM ANZ CAP NOTES 4  C4M22/00613033,Dividend:Franked,,332.64  ,"44,378.19  "
21/03/2022,Deposit,,,DIVIDEND                                FROM WBCPK DST MAR    001275879285,Dividend:Franked,,307.86  ,"44,686.05  "
07/04/2022,Deposit,,,DIVIDEND                                FROM NABPD APR        PD224/00809773,Dividend:Franked,,476.30  ,"45,162.35  "
15/06/2022,Deposit,,,DIVIDEND                                FROM PERLS XII DST    001278395505,Dividend:Franked,,166.98  ,"45,329.33  "
17/06/2022,Deposit,,,DIVIDEND                                FROM NABPF JUN DIS    PF224/00811658,Dividend:Franked,,249.53  ,"45,578.86  "
20/06/2022,Deposit,,,DEBENTURE/NOTE INTEREST                 FROM ANZ CAP NOTES 4  C4J22/00612732,Dividend:Franked,,562.12  ,"46,140.98  "
20/06/2022,Deposit,,,DEBENTURE/NOTE INTEREST                 FROM ANZ CAP NOTES 6  C6J22/00212250,Dividend:Franked,,488.40  ,"46,629.38  "
21/06/2022,Deposit,,,DIVIDEND                                FROM WBCPK DST JUN    001278533898,Dividend:Franked,,326.22  ,"46,955.60  "
30/06/2022,Journal Entry,70,,,Dividend:Franked,,562.08  ,"47,517.68  "
07/07/2022,Deposit,,,DIVIDEND                                FROM NABPD JUL        PD23C/00805542,Dividend:Franked,,626.09  ,"48,143.77  "
15/09/2022,Deposit,,,DIVIDEND                                FROM PERLS XII DST    001284141878,Dividend:Franked,,373.59  ,"48,517.36  "
15/09/2022,Deposit,,,DIVIDEND                                FROM PERLS XIII DST   001284108768,Dividend:Franked,,235.83  ,"48,753.19  "
19/09/2022,Deposit,,,DIVIDEND                                FROM NABPI SEP DIS    PI231/00808161,Dividend:Franked,,288.48  ,"49,041.67  "
19/09/2022,Deposit,,,DIVIDEND                                FROM NABPF SEP DIS    PF231/00811611,Dividend:Franked,,355.44  ,"49,397.11  "
20/09/2022,Deposit,,,DEBENTURE/NOTE INTEREST                 FROM ANZ CAP NOTES 6  C6S22/00212191,Dividend:Franked,,750.90  ,"50,148.01  "
20/09/2022,Deposit,,,DEBENTURE/NOTE INTEREST                 FROM ANZ CAP NOTES 4  C4S22/00612482,Dividend:Franked,,761.11  ,"50,909.12  "
21/09/2022,Deposit,,,DIVIDEND                                FROM WBCPK DST        001284546853,Dividend:Franked,,495.24  ,"51,404.36  "
15/12/2022,Deposit,,,DIVIDEND                                FROM PERLS XIII DST   001287491056,Dividend:Franked,,288.15  ,"51,692.51  "
15/12/2022,Deposit,,,DIVIDEND                                FROM PERLS XII DST    001287477600,Dividend:Franked,,451.85  ,"52,144.36  "
19/12/2022,Deposit,,,DIVIDEND                                FROM NABPI DEC DIS    PI232/00808357,Dividend:Franked,,418.24  ,"52,562.60  "
19/12/2022,Deposit,,,DIVIDEND                                FROM NABPF DEC DIS    PF232/00811614,Dividend:Franked,,405.93  ,"52,968.53  "
20/12/2022,Deposit,,,DEBENTURE/NOTE INTEREST                 FROM ANZ CAP NOTES 6  C6D22/00211994,Dividend:Franked,,902.00  ,"53,870.53  "
20/12/2022,Deposit,,,DEBENTURE/NOTE INTEREST                 FROM CAP NOTES 4 DIST C4D22/00612377,Dividend:Franked,,872.32  ,"54,742.85  "
21/12/2022,Deposit,,,DIVIDEND                                FROM WBCPK DST        001287818424,Dividend:Franked,,607.86  ,"55,350.71  "
12/01/2023,Deposit,,,DIVIDEND                                FROM OZR DST          001287997940,Dividend:Franked,,238.33  ,"55,589.04  "
15/03/2023,Journal Entry,83,,CBA Hybrid,Dividend:Franked,,306.39  ,"55,895.43  "
15/03/2023,Journal Entry,87,,CBA Hybrid,Dividend:Franked,,478.98  ,"56,374.41  "
17/03/2023,Journal Entry,86,,NAB Hybrid,Dividend:Franked,,428.76  ,"56,803.17  "
17/03/2023,Journal Entry,85,,NAB Hybrid,Dividend:Franked,,170.16  ,"56,973.33  "
20/03/2023,Journal Entry,81,,ANZ Hybrid,Dividend:Franked,,900.77  ,"57,874.10  "
20/03/2023,Journal Entry,82,,ANZ Hybrid,Dividend:Franked,,942.83  ,"58,816.93  "
21/03/2023,Journal Entry,88,,WBC Hybrid,Dividend:Franked,,632.76  ,"59,449.69  "
15/06/2023,Journal Entry,99,,CBA Hybrid,Dividend:Franked,,339.21  ,"59,788.90  "
15/06/2023,Journal Entry,84,,CBA Hybrid,Dividend:Franked,,528.66  ,"60,317.56  "
19/06/2023,Journal Entry,93,,NAB Hybrid,Dividend:Franked,,492.92  ,"60,810.48  "
19/06/2023,Journal Entry,92,,NAB Hybrid,Dividend:Franked,,193.97  ,"61,004.45  "
20/06/2023,Journal Entry,90,,ANZ Hybrid,Dividend:Franked,,"1,038.49  ","62,042.94  "
20/06/2023,Journal Entry,89,,ANZ Hybrid,Dividend:Franked,,976.87  ,"63,019.81  "
21/06/2023,Journal Entry,94,,WBC Hybrid,Dividend:Franked,,697.50  ,"63,717.31  "
13/07/2023,Journal Entry,110,,OZR.AX,Dividend:Franked,,161.62  ,"63,878.93  "
16/09/2023,Journal Entry,114,,CBAPI.AX,Dividend:Franked,,574.52  ,"64,453.45  "
16/09/2023,Journal Entry,115,,CBAPJ.AX,Dividend:Franked,,369.78  ,"64,823.23  "
19/09/2023,Journal Entry,116,,NABPI.AX,Dividend:Franked,,521.12  ,"65,344.35  "
19/09/2023,Journal Entry,116,,NABPF.AX,Dividend:Franked,,203.17  ,"65,547.52  "
21/09/2023,Journal Entry,117,,AN3PI.AX,Dividend:Franked,,"1,136.26  ","66,683.78  "
21/09/2023,Journal Entry,117,,AN3PG.AX,Dividend:Franked,,"1,050.13  ","67,733.91  "
22/09/2023,Journal Entry,118,,WBCPK.AX,Dividend:Franked,,760.50  ,"68,494.41  "
16/12/2023,Journal Entry,121,,CBAPJ.AX,Dividend:Franked,,360.06  ,"68,854.47  "
16/12/2023,Journal Entry,121,,CBAPI.AX,Dividend:Franked,,559.76  ,"69,414.23  "
19/12/2023,Journal Entry,122,,NABPI.AX,Dividend:Franked,,507.48  ,"69,921.71  "
19/12/2023,Journal Entry,122,,NABPF.AX,Dividend:Franked,,198.38  ,"70,120.09  "
21/12/2023,Journal Entry,123,,AN3PG.AX,Dividend:Franked,,288.88  ,"70,408.97  "
21/12/2023,Journal Entry,123,,AN3PI.AX,Dividend:Franked,,367.67  ,"70,776.64  "
21/12/2023,Journal Entry,123,,AN3PG.AX,Dividend:Franked,,311.07  ,"71,087.71  "
21/12/2023,Journal Entry,123,,AN3PI.AX,Dividend:Franked,,395.91  ,"71,483.62  "
22/12/2023,Journal Entry,124,,WBCPK.AX,Dividend:Franked,,737.76  ,"72,221.38  "
16/03/2024,Journal Entry,128,,CBAPJ.AX,Dividend:Franked,,371.73  ,"72,593.11  "
16/03/2024,Journal Entry,128,,CBAPI.AX,Dividend:Franked,,577.22  ,"73,170.33  "
19/03/2024,Journal Entry,129,,NABPI.AX,Dividend:Franked,,524.44  ,"73,694.77  "
19/03/2024,Journal Entry,129,,NABPF.AX,Dividend:Franked,,204.32  ,"73,899.09  "
21/03/2024,Journal Entry,130,,AN3PI.AX,Dividend:Franked,,729.79  ,"74,628.88  "
21/03/2024,Journal Entry,130,,AN3PG.AX,Dividend:Franked,,673.67  ,"75,302.55  "
22/03/2024,Journal Entry,131,,WBCPK.AX,Dividend:Franked,,761.16  ,"76,063.71  "
18/06/2024,Journal Entry,138,,NABPF.AX,Dividend:Franked,,204.11  ,"76,267.82  "
18/06/2024,Journal Entry,137,,CBAPJ.AX,Dividend:Franked,,375.54  ,"76,643.36  "
18/06/2024,Journal Entry,139,,NABPI.AX,Dividend:Franked,,523.84  ,"77,167.20  "
18/06/2024,Journal Entry,136,,CBAPI.AX,Dividend:Franked,,583.16  ,"77,750.36  "
20/06/2024,Journal Entry,140,,AN3PI.AX,Dividend:Franked,,828.95  ,"78,579.31  "
22/06/2024,Journal Entry,141,,WBCPK.AX,Dividend:Franked,,767.46  ,"79,346.77  "
17/09/2024,Journal Entry,151,,CBAPJ.AX,Dividend:Franked,,376.92  ,"79,723.69  "
17/09/2024,Journal Entry,150,,CBAPI.AX,Dividend:Franked,,585.23  ,"80,308.92  "
18/09/2024,Journal Entry,152,,NABPF.AX,Dividend:Franked,,206.77  ,"80,515.69  "
18/09/2024,Journal Entry,153,,NABPI.AX,Dividend:Franked,,530.80  ,"81,046.49  "
20/09/2024,Journal Entry,209,,AN3PI.AX,Dividend:Franked,,191.98  ,"81,238.47  "
21/09/2024,Journal Entry,154,,AN3PI.AX,Dividend:Franked,,356.53  ,"81,595.00  "
24/09/2024,Journal Entry,155,,WBCPK.AX,Dividend:Franked,,514.64  ,"82,109.64  "
17/12/2024,Journal Entry,164,,CBAPI.AX,Dividend:Franked,,582.44  ,"82,692.08  "
17/12/2024,Journal Entry,165,,CBAPJ.AX,Dividend:Franked,,375.18  ,"83,067.26  "
18/12/2024,Journal Entry,166,,NABPF.AX,Dividend:Franked,,205.67  ,"83,272.93  "
18/12/2024,Journal Entry,168,,NAPBPI.AX,Dividend:Franked,,528.28  ,"83,801.21  "
21/12/2024,Journal Entry,169,,AN3PI.AX,Dividend:Franked,,577.74  ,"84,378.95  "
24/12/2024,Journal Entry,170,,WBCPK.AX,Dividend:Franked,,511.56  ,"84,890.51  "
18/03/2025,Journal Entry,173,,CBAPI.AX,Dividend:Franked,,579.42  ,"85,469.93  "
18/03/2025,Journal Entry,176,,NABPI.AX,Dividend:Franked,,525.80  ,"85,995.73  "
18/03/2025,Journal Entry,175,,NABPF.AX,Dividend:Franked,,204.57  ,"86,200.30  "
18/03/2025,Journal Entry,174,,CBAPJ.AX,Dividend:Franked,,373.32  ,"86,573.62  "
17/06/2025,Journal Entry,196,,CBAPJ.AX,Dividend:Franked,,363.30  ,"86,936.92  "
17/06/2025,Journal Entry,195,,CBAPI.AX,Dividend:Franked,,564.80  ,"87,501.72  "
18/06/2025,Journal Entry,197,,NABPF.AX,Dividend:Franked,,200.42  ,"87,702.14  "
18/06/2025,Journal Entry,198,,NABPI.AX,Dividend:Franked,,512.64  ,"88,214.78  "
19/06/2025,Journal Entry,204,,HBRD.AX,Dividend:Franked,,146.18  ,"88,360.96  "
19/06/2025,Journal Entry,199,,BHYB.AX,Dividend:Franked,,153.46  ,"88,514.42  "
17/07/2025,Journal Entry,200,,BHYB.AX,Dividend:Franked,,213.12  ,"88,727.54  "
17/07/2025,Journal Entry,206,,AGVT.AX,Dividend:Franked,,186.73  ,"88,914.27  "
17/07/2025,Journal Entry,203,,HBRD.AX,Dividend:Franked,,710.84  ,"89,625.11  "
26/07/2025,Journal Entry,208,,CNEW.AX,Dividend:Franked,,70.00  ,"89,695.11  "
19/08/2025,Journal Entry,207,,AGVT.AX,Dividend:Franked,,185.00  ,"89,880.11  "
19/08/2025,Journal Entry,201,,BHYB.AX,Dividend:Franked,,204.38  ,"90,084.49  "
19/08/2025,Journal Entry,202,,HBRD.AX,Dividend:Franked,,696.93  ,"90,781.42  "
,,,,,,   ,"A$90,781.42  ",
,,,,,,,,
20/12/2019,Journal Entry,34,,,Dividend:Unfranked,,129.34  ,129.34  
20/03/2020,Deposit,,,DEBENTURE/NOTE INTEREST                 FROM CAP NOTES 4 DIST C4M20/00615925,Dividend:Unfranked,,129.20  ,258.54  
30/06/2022,Journal Entry,70,,,Dividend:Unfranked,,19.94  ,278.48  
30/06/2022,Journal Entry,72,,Distribution from CNEW,Dividend:Unfranked,,97.71  ,376.19  
12/01/2023,Deposit,,,DIVIDEND                                FROM OZR DST          001287997940,Dividend:Unfranked,,9.08  ,385.27  
13/07/2023,Journal Entry,110,,,Dividend:Unfranked,,132.28  ,517.55  
26/07/2023,Journal Entry,112,,CNEW.AX,Dividend:Unfranked,,110.00  ,627.55  
21/12/2023,Journal Entry,123,,AN3PG.AX,Dividend:Unfranked,,226.98  ,854.53  
21/12/2023,Journal Entry,123,,AN3PI.AX,Dividend:Unfranked,,311.06  ,"1,165.59  "
21/12/2023,Journal Entry,123,,AN3PG.AX,Dividend:Unfranked,,244.41  ,"1,410.00  "
21/12/2023,Journal Entry,123,,AN3PG.AX,Dividend:Unfranked,,288.89  ,"1,698.89  "
21/03/2024,Journal Entry,130,,AN3PI.AX,Dividend:Unfranked,,529.31  ,"2,228.20  "
21/03/2024,Journal Entry,130,,AN3PI.AX,Dividend:Unfranked,,573.40  ,"2,801.60  "
20/06/2024,Journal Entry,140,,AN3PI.AX,Dividend:Unfranked,,446.35  ,"3,247.95  "
24/07/2024,Journal Entry,144,,CNEW.AX,Dividend:Unfranked,,120.00  ,"3,367.95  "
20/09/2024,Journal Entry,209,,AN3PI.AX,Dividend:Unfranked,,103.36  ,"3,471.31  "
21/09/2024,Journal Entry,154,,AN3PI.AX,Dividend:Unfranked,,191.97  ,"3,663.28  "
21/12/2024,Journal Entry,169,,AN3PI.AX,Dividend:Unfranked,,247.60  ,"3,910.88  "
19/06/2025,Journal Entry,199,,BHYB.AX,Dividend:Unfranked,,50.83  ,"3,961.71  "
19/06/2025,Journal Entry,204,,HBRD.AX,Dividend:Unfranked,,536.89  ,"4,498.60  "
,,,,,,   ,"A$4,498.60  ",
,,,,,,,"A$95,280.02  ",
,,,,,,,,
30/06/2009,Journal Entry,24,,,s160AQT Income (Franking Cr),,"38,045.61  ","38,045.61  "
15/09/2017,Journal Entry,77,,,s160AQT Income (Franking Cr),,209.31  ,"38,254.92  "
20/09/2017,Journal Entry,78,,,s160AQT Income (Franking Cr),,194.18  ,"38,449.10  "
02/10/2017,Journal Entry,79,,,s160AQT Income (Franking Cr),,199.94  ,"38,649.04  "
09/10/2017,Journal Entry,80,,,s160AQT Income (Franking Cr),,205.66  ,"38,854.70  "
15/12/2017,Journal Entry,81,,,s160AQT Income (Franking Cr),,207.03  ,"39,061.73  "
20/12/2017,Journal Entry,82,,,s160AQT Income (Franking Cr),,191.78  ,"39,253.51  "
02/01/2018,Journal Entry,83,,,s160AQT Income (Franking Cr),,197.76  ,"39,451.27  "
08/01/2018,Journal Entry,84,,,s160AQT Income (Franking Cr),,198.91  ,"39,650.18  "
15/03/2018,Journal Entry,85,,,s160AQT Income (Franking Cr),,206.23  ,"39,856.41  "
20/03/2018,Journal Entry,86,,,s160AQT Income (Franking Cr),,192.19  ,"40,048.60  "
03/04/2018,Journal Entry,88,,,s160AQT Income (Franking Cr),,197.95  ,"40,246.55  "
09/04/2018,Journal Entry,89,,,s160AQT Income (Franking Cr),,202.10  ,"40,448.65  "
15/06/2018,Journal Entry,91,,,s160AQT Income (Franking Cr),,297.57  ,"40,746.22  "
20/06/2018,Journal Entry,94,,ANZPG Franked Diviidend,s160AQT Income (Franking Cr),,201.60  ,"40,947.82  "
09/07/2018,Journal Entry,99,,,s160AQT Income (Franking Cr),,209.28  ,"41,157.10  "
17/09/2018,Journal Entry,97,,,s160AQT Income (Franking Cr),,466.58  ,"41,623.68  "
20/09/2018,Journal Entry,95,,,s160AQT Income (Franking Cr),,205.46  ,"41,829.14  "
01/10/2018,Journal Entry,101,,,s160AQT Income (Franking Cr),,317.60  ,"42,146.74  "
08/10/2018,Journal Entry,96,,,s160AQT Income (Franking Cr),,209.74  ,"42,356.48  "
17/12/2018,Journal Entry,102,,,s160AQT Income (Franking Cr),,452.88  ,"42,809.36  "
20/12/2018,Journal Entry,103,,,s160AQT Income (Franking Cr),,198.05  ,"43,007.41  "
31/12/2018,Journal Entry,104,,,s160AQT Income (Franking Cr),,306.95  ,"43,314.36  "
07/01/2019,Journal Entry,105,,,s160AQT Income (Franking Cr),,283.00  ,"43,597.36  "
18/03/2019,Journal Entry,106,,,s160AQT Income (Franking Cr),,534.09  ,"44,131.45  "
20/03/2019,Journal Entry,109,,ANZ Capital Notes 4,s160AQT Income (Franking Cr),,200.09  ,"44,331.54  "
01/04/2019,Journal Entry,110,,WBCPG HYBRID,s160AQT Income (Franking Cr),,310.24  ,"44,641.78  "
08/04/2019,Journal Entry,1,,NABPD HYBRID,s160AQT Income (Franking Cr),,288.37  ,"44,930.15  "
17/06/2019,Journal Entry,113,,CBAPE DISTRIBUTION,s160AQT Income (Franking Cr),,532.63  ,"45,462.78  "
17/06/2019,Journal Entry,112,,NABPF DISTRIBUTION,s160AQT Income (Franking Cr),,144.75  ,"45,607.53  "
20/06/2019,Journal Entry,114,,,s160AQT Income (Franking Cr),,197.21  ,"45,804.74  "
01/07/2019,Journal Entry,24,,,s160AQT Income (Franking Cr),,302.45  ,"46,107.19  "
07/08/2019,Journal Entry,25,,,s160AQT Income (Franking Cr),,274.54  ,"46,381.73  "
16/09/2019,Journal Entry,26,,,s160AQT Income (Franking Cr),,270.34  ,"46,652.07  "
17/09/2019,Journal Entry,27,,,s160AQT Income (Franking Cr),,136.27  ,"46,788.34  "
20/09/2019,Journal Entry,28,,,s160AQT Income (Franking Cr),,179.81  ,"46,968.15  "
30/09/2019,Journal Entry,29,,,s160AQT Income (Franking Cr),,277.20  ,"47,245.35  "
08/10/2019,Journal Entry,30,,,s160AQT Income (Franking Cr),,252.90  ,"47,498.25  "
16/12/2019,Journal Entry,32,,CBAPE - PERLSVIII,s160AQT Income (Franking Cr),,256.48  ,"47,754.73  "
17/12/2019,Journal Entry,33,,NABPF - Capital Notes 3,s160AQT Income (Franking Cr),,128.07  ,"47,882.80  "
20/12/2019,Journal Entry,34,,,s160AQT Income (Franking Cr),,129.33  ,"48,012.13  "
30/12/2019,Journal Entry,36,,,s160AQT Income (Franking Cr),,261.85  ,"48,273.98  "
07/01/2020,Journal Entry,37,,NABPD Dividend,s160AQT Income (Franking Cr),,238.12  ,"48,512.10  "
16/03/2020,Deposit,,,,s160AQT Income (Franking Cr),,118.13  ,"48,630.23  "
16/03/2020,Deposit,,,DIVIDEND                                FROM PERLS VIII DST   001240238700,s160AQT Income (Franking Cr),,250.73  ,"48,880.96  "
17/03/2020,Deposit,,,,s160AQT Income (Franking Cr),,124.62  ,"49,005.58  "
20/03/2020,Deposit,,,DEBENTURE/NOTE INTEREST                 FROM CAP NOTES 4 DIST C4M20/00615925,s160AQT Income (Franking Cr),,129.21  ,"49,134.79  "
30/03/2020,Deposit,,,DIVIDEND                                FROM WBCPG DST        001241252640,s160AQT Income (Franking Cr),,261.28  ,"49,396.07  "
07/04/2020,Deposit,,,DIVIDEND                                FROM NABPD APR        PD204/00811733,s160AQT Income (Franking Cr),,241.23  ,"49,637.30  "
15/06/2020,Deposit,,Commbank,DIVIDEND                                FROM PERLS XII DST    001241956743,s160AQT Income (Franking Cr),,81.51  ,"49,718.81  "
15/06/2020,Deposit,,,DIVIDEND                                FROM PERLS VIII DST   001241972843,s160AQT Income (Franking Cr),,240.95  ,"49,959.76  "
17/06/2020,Deposit,,NAB,DIVIDEND                                FROM NABPF JUN DIS    PF204/00813863,s160AQT Income (Franking Cr),,117.52  ,"50,077.28  "
22/06/2020,Deposit,,ANZ Bank,DEBENTURE/NOTE INTEREST                 FROM CAP NOTES 4 DIST C4J20/00615409,s160AQT Income (Franking Cr),,161.31  ,"50,238.59  "
30/06/2020,Journal Entry,40,,WBCPG Distribution,s160AQT Income (Franking Cr),,239.25  ,"50,477.84  "
07/07/2020,Journal Entry,41,,NABPD Distribution,s160AQT Income (Franking Cr),,213.04  ,"50,690.88  "
15/09/2020,Journal Entry,43,,,s160AQT Income (Franking Cr),,220.42  ,"50,911.30  "
15/09/2020,Journal Entry,45,,,s160AQT Income (Franking Cr),,70.33  ,"50,981.63  "
17/09/2020,Journal Entry,46,,,s160AQT Income (Franking Cr),,105.41  ,"51,087.04  "
21/09/2020,Journal Entry,47,,,s160AQT Income (Franking Cr),,143.74  ,"51,230.78  "
30/09/2020,Journal Entry,48,,,s160AQT Income (Franking Cr),,226.85  ,"51,457.63  "
07/10/2020,Journal Entry,49,,,s160AQT Income (Franking Cr),,210.12  ,"51,667.75  "
15/12/2020,Deposit,,,DIVIDEND                                FROM PERLS VIII DST   001254705229,s160AQT Income (Franking Cr),,217.73  ,"51,885.48  "
15/12/2020,Deposit,,,DIVIDEND                                FROM PERLS XII DST    001254773304,s160AQT Income (Franking Cr),,69.40  ,"51,954.88  "
17/12/2020,Deposit,,,DIVIDEND                                FROM NABPF DEC DIS    PF212/00813351,s160AQT Income (Franking Cr),,104.01  ,"52,058.89  "
21/12/2020,Deposit,,,DEBENTURE/NOTE INTEREST                 FROM CAP NOTES 4 DIST C4D20/00614746,s160AQT Income (Franking Cr),,143.31  ,"52,202.20  "
30/12/2020,Deposit,,,DIVIDEND                                FROM WBCPG DST        001254937347,s160AQT Income (Franking Cr),,224.07  ,"52,426.27  "
07/01/2021,Deposit,,,DIVIDEND                                FROM NABPD JAN        PD213/00811036,s160AQT Income (Franking Cr),,209.29  ,"52,635.56  "
15/03/2021,Deposit,,,DIVIDEND                                FROM PERLS VIII DST   001258452226,s160AQT Income (Franking Cr),,212.31  ,"52,847.87  "
15/03/2021,Deposit,,,DIVIDEND                                FROM PERLS XII DST    001258548783,s160AQT Income (Franking Cr),,66.97  ,"52,914.84  "
17/03/2021,Deposit,,,DIVIDEND                                FROM NABPF MAR DIS    PF213/00813117,s160AQT Income (Franking Cr),,100.97  ,"53,015.81  "
22/03/2021,Deposit,,,DEBENTURE/NOTE INTEREST                 FROM CAP NOTES 4 DIST C4M21/00614486,s160AQT Income (Franking Cr),,141.03  ,"53,156.84  "
30/03/2021,Deposit,,,DIVIDEND                                FROM WBCPG DST        001259531801,s160AQT Income (Franking Cr),,217.93  ,"53,374.77  "
07/04/2021,Deposit,,,DIVIDEND                                FROM NABPD APR        PD214/00810801,s160AQT Income (Franking Cr),,202.20  ,"53,576.97  "
15/06/2021,Deposit,,Commbank,CBAPE,s160AQT Income (Franking Cr),,217.80  ,"53,794.77  "
15/06/2021,Deposit,,Commbank,CBAPI,s160AQT Income (Franking Cr),,68.89  ,"53,863.66  "
17/06/2021,Deposit,,,DIVIDEND                                FROM NABPF JUN DIS    PF214/00812839,s160AQT Income (Franking Cr),,103.74  ,"53,967.40  "
21/06/2021,Deposit,,,DEBENTURE/NOTE INTEREST                 FROM ANZ CAP NOTES 4  C4J21/00614108,s160AQT Income (Franking Cr),,141.53  ,"54,108.93  "
30/06/2021,Journal Entry,54,,,s160AQT Income (Franking Cr),,223.89  ,"54,332.82  "
07/07/2021,Deposit,,,DIVIDEND                                FROM NABPD JUL        PD221/00810531,s160AQT Income (Franking Cr),,205.45  ,"54,538.27  "
15/09/2021,Deposit,,,DIVIDEND                                FROM PERLS XII DST    001267190436,s160AQT Income (Franking Cr),,68.61  ,"54,606.88  "
15/09/2021,Deposit,,,DIVIDEND                                FROM WBCPG DST SEP    001267128960,s160AQT Income (Franking Cr),,187.02  ,"54,793.90  "
15/09/2021,Deposit,,,DIVIDEND                                FROM PERLS VIII DST   001267235584,s160AQT Income (Franking Cr),,217.28  ,"55,011.18  "
17/09/2021,Deposit,,,DIVIDEND                                FROM NABPF SEP DIS    PF221/00812485,s160AQT Income (Franking Cr),,103.31  ,"55,114.49  "
20/09/2021,Deposit,,,DEBENTURE/NOTE INTEREST                 FROM ANZ CAP NOTES 4  C4S21/00613732,s160AQT Income (Franking Cr),,141.46  ,"55,255.95  "
20/09/2021,Deposit,,,DEBENTURE/NOTE INTEREST                 FROM ANZ CAP NOTES 6  C6S21/00212915,s160AQT Income (Franking Cr),,161.91  ,"55,417.86  "
07/10/2021,Deposit,,,DIVIDEND                                FROM NABPD OCT        PD222/00810266,s160AQT Income (Franking Cr),,206.91  ,"55,624.77  "
15/10/2021,Deposit,,Commbank,,s160AQT Income (Franking Cr),,70.67  ,"55,695.44  "
15/12/2021,Deposit,,,DIVIDEND                                FROM PERLS XII DST    001270367747,s160AQT Income (Franking Cr),,67.56  ,"55,763.00  "
17/12/2021,Deposit,,,DIVIDEND                                FROM NABPF DEC DIS    PF222/00812148,s160AQT Income (Franking Cr),,102.06  ,"55,865.06  "
20/12/2021,Deposit,,,DEBENTURE/NOTE INTEREST                 FROM ANZ CAP NOTES 6  C6D21/00212657,s160AQT Income (Franking Cr),,198.30  ,"56,063.36  "
20/12/2021,Deposit,,,DEBENTURE/NOTE INTEREST                 FROM ANZ CAP NOTES 4  C4D21/00613294,s160AQT Income (Franking Cr),,141.00  ,"56,204.36  "
21/12/2021,Deposit,,,DIVIDEND                                FROM WBCPK DST DEC    001270489588,s160AQT Income (Franking Cr),,139.24  ,"56,343.60  "
07/01/2022,Deposit,,,DIVIDEND                                FROM NABPD JAN        PD223/00809997,s160AQT Income (Franking Cr),,206.75  ,"56,550.35  "
15/03/2022,Deposit,,,DIVIDEND                                FROM PERLS XII DST    001275216563,s160AQT Income (Franking Cr),,67.95  ,"56,618.30  "
17/03/2022,Deposit,,,DIVIDEND                                FROM NABPF MAR DIS    PF223/00811913,s160AQT Income (Franking Cr),,102.38  ,"56,720.68  "
21/03/2022,Deposit,,,DEBENTURE/NOTE INTEREST                 FROM ANZ CAP NOTES 4  C4M22/00613033,s160AQT Income (Franking Cr),,142.56  ,"56,863.24  "
21/03/2022,Deposit,,,DEBENTURE/NOTE INTEREST                 FROM ANZ CAP NOTES 6  C6M22/00212440,s160AQT Income (Franking Cr),,201.73  ,"57,064.97  "
21/03/2022,Deposit,,,DIVIDEND                                FROM WBCPK DST MAR    001275879285,s160AQT Income (Franking Cr),,131.94  ,"57,196.91  "
07/04/2022,Deposit,,,DIVIDEND                                FROM NABPD APR        PD224/00809773,s160AQT Income (Franking Cr),,204.13  ,"57,401.04  "
15/06/2022,Deposit,,,DIVIDEND                                FROM PERLS XII DST    001278395505,s160AQT Income (Franking Cr),,71.56  ,"57,472.60  "
17/06/2022,Deposit,,,DIVIDEND                                FROM NABPF JUN DIS    PF224/00811658,s160AQT Income (Franking Cr),,106.94  ,"57,579.54  "
20/06/2022,Deposit,,,DEBENTURE/NOTE INTEREST                 FROM ANZ CAP NOTES 4  C4J22/00612732,s160AQT Income (Franking Cr),,240.91  ,"57,820.45  "
20/06/2022,Deposit,,,DEBENTURE/NOTE INTEREST                 FROM ANZ CAP NOTES 6  C6J22/00212250,s160AQT Income (Franking Cr),,209.31  ,"58,029.76  "
21/06/2022,Deposit,,,DIVIDEND                                FROM WBCPK DST JUN    001278533898,s160AQT Income (Franking Cr),,139.81  ,"58,169.57  "
30/06/2022,Journal Entry,70,,,s160AQT Income (Franking Cr),,239.56  ,"58,409.13  "
07/07/2022,Deposit,,,DIVIDEND                                FROM NABPD JUL        PD23C/00805542,s160AQT Income (Franking Cr),,268.32  ,"58,677.45  "
15/09/2022,Deposit,,,DIVIDEND                                FROM PERLS XIII DST   001284108768,s160AQT Income (Franking Cr),,101.07  ,"58,778.52  "
15/09/2022,Deposit,,,DIVIDEND                                FROM PERLS XII DST    001284141878,s160AQT Income (Franking Cr),,160.11  ,"58,938.63  "
19/09/2022,Deposit,,,DIVIDEND                                FROM NABPF SEP DIS    PF231/00811611,s160AQT Income (Franking Cr),,152.33  ,"59,090.96  "
19/09/2022,Deposit,,,DIVIDEND                                FROM NABPI SEP DIS    PI231/00808161,s160AQT Income (Franking Cr),,123.63  ,"59,214.59  "
20/09/2022,Deposit,,,DEBENTURE/NOTE INTEREST                 FROM ANZ CAP NOTES 4  C4S22/00612482,s160AQT Income (Franking Cr),,326.19  ,"59,540.78  "
20/09/2022,Deposit,,,DEBENTURE/NOTE INTEREST                 FROM ANZ CAP NOTES 6  C6S22/00212191,s160AQT Income (Franking Cr),,321.81  ,"59,862.59  "
21/09/2022,Deposit,,,DIVIDEND                                FROM WBCPK DST        001284546853,s160AQT Income (Franking Cr),,212.25  ,"60,074.84  "
15/12/2022,Deposit,,,DIVIDEND                                FROM PERLS XII DST    001287477600,s160AQT Income (Franking Cr),,193.65  ,"60,268.49  "
15/12/2022,Deposit,,,DIVIDEND                                FROM PERLS XIII DST   001287491056,s160AQT Income (Franking Cr),,123.49  ,"60,391.98  "
19/12/2022,Deposit,,,DIVIDEND                                FROM NABPF DEC DIS    PF232/00811614,s160AQT Income (Franking Cr),,173.97  ,"60,565.95  "
19/12/2022,Deposit,,,DIVIDEND                                FROM NABPI DEC DIS    PI232/00808357,s160AQT Income (Franking Cr),,179.25  ,"60,745.20  "
20/12/2022,Deposit,,,DEBENTURE/NOTE INTEREST                 FROM ANZ CAP NOTES 6  C6D22/00211994,s160AQT Income (Franking Cr),,386.57  ,"61,131.77  "
20/12/2022,Deposit,,,DEBENTURE/NOTE INTEREST                 FROM CAP NOTES 4 DIST C4D22/00612377,s160AQT Income (Franking Cr),,373.85  ,"61,505.62  "
21/12/2022,Deposit,,,DIVIDEND                                FROM WBCPK DST        001287818424,s160AQT Income (Franking Cr),,260.51  ,"61,766.13  "
12/01/2023,Deposit,,,,s160AQT Income (Franking Cr),,105.30  ,"61,871.43  "
15/03/2023,Journal Entry,83,,CBA Hybrid,s160AQT Income (Franking Cr),,131.31  ,"62,002.74  "
15/03/2023,Journal Entry,87,,CBA Hybrid,s160AQT Income (Franking Cr),,205.28  ,"62,208.02  "
17/03/2023,Journal Entry,86,,NAB Hybrid,s160AQT Income (Franking Cr),,183.75  ,"62,391.77  "
17/03/2023,Journal Entry,85,,NAB Hybrid,s160AQT Income (Franking Cr),,72.93  ,"62,464.70  "
20/03/2023,Journal Entry,82,,ANZ Hybrid,s160AQT Income (Franking Cr),,404.07  ,"62,868.77  "
20/03/2023,Journal Entry,81,,ANZ Hybrid,s160AQT Income (Franking Cr),,386.04  ,"63,254.81  "
21/03/2023,Journal Entry,88,,WBC Hybrid,s160AQT Income (Franking Cr),,271.18  ,"63,525.99  "
15/06/2023,Journal Entry,84,,CBA Hybrid,s160AQT Income (Franking Cr),,226.57  ,"63,752.56  "
15/06/2023,Journal Entry,99,,CBA Hybrid,s160AQT Income (Franking Cr),,145.38  ,"63,897.94  "
19/06/2023,Journal Entry,92,,NAB Hybrid,s160AQT Income (Franking Cr),,83.13  ,"63,981.07  "
19/06/2023,Journal Entry,93,,NAB Hybrid,s160AQT Income (Franking Cr),,211.25  ,"64,192.32  "
20/06/2023,Journal Entry,90,,ANZ Hybrid,s160AQT Income (Franking Cr),,445.07  ,"64,637.39  "
20/06/2023,Journal Entry,89,,ANZ Hybrid,s160AQT Income (Franking Cr),,418.66  ,"65,056.05  "
21/06/2023,Journal Entry,94,,WBC Hybrid,s160AQT Income (Franking Cr),,298.93  ,"65,354.98  "
13/07/2023,Journal Entry,110,,OZR.AX,s160AQT Income (Franking Cr),,69.27  ,"65,424.25  "
16/09/2023,Journal Entry,114,,CBAPI.AX,s160AQT Income (Franking Cr),,246.22  ,"65,670.47  "
16/09/2023,Journal Entry,115,,CBAPJ.AX,s160AQT Income (Franking Cr),,158.48  ,"65,828.95  "
19/09/2023,Journal Entry,116,,NABPI.AX,s160AQT Income (Franking Cr),,223.34  ,"66,052.29  "
19/09/2023,Journal Entry,116,,NABPF.AX,s160AQT Income (Franking Cr),,87.07  ,"66,139.36  "
21/09/2023,Journal Entry,117,,AN3PI.AX,s160AQT Income (Franking Cr),,486.97  ,"66,626.33  "
21/09/2023,Journal Entry,117,,AN3PG.AX,s160AQT Income (Franking Cr),,450.06  ,"67,076.39  "
22/09/2023,Journal Entry,118,,WBCPK.AX,s160AQT Income (Franking Cr),,325.93  ,"67,402.32  "
16/12/2023,Journal Entry,121,,CBAPI.AX,s160AQT Income (Franking Cr),,239.90  ,"67,642.22  "
16/12/2023,Journal Entry,121,,CBAPJ.AX,s160AQT Income (Franking Cr),,154.31  ,"67,796.53  "
19/12/2023,Journal Entry,122,,NABPF.AX,s160AQT Income (Franking Cr),,85.02  ,"67,881.55  "
19/12/2023,Journal Entry,122,,NABPI.AX,s160AQT Income (Franking Cr),,217.49  ,"68,099.04  "
21/12/2023,Journal Entry,123,,AN3PI.AX,s160AQT Income (Franking Cr),,157.57  ,"68,256.61  "
21/12/2023,Journal Entry,123,,AN3PG.AX,s160AQT Income (Franking Cr),,133.31  ,"68,389.92  "
21/12/2023,Journal Entry,123,,AN3PG.AX,s160AQT Income (Franking Cr),,169.68  ,"68,559.60  "
21/12/2023,Journal Entry,123,,AN3PG.AX,s160AQT Income (Franking Cr),,123.81  ,"68,683.41  "
22/12/2023,Journal Entry,124,,WBCPK.AX,s160AQT Income (Franking Cr),,316.18  ,"68,999.59  "
16/03/2024,Journal Entry,128,,CBAPJ.AX,s160AQT Income (Franking Cr),,159.31  ,"69,158.90  "
16/03/2024,Journal Entry,128,,CBAPI.AX,s160AQT Income (Franking Cr),,247.38  ,"69,406.28  "
19/03/2024,Journal Entry,129,,NABPI.AX,s160AQT Income (Franking Cr),,224.76  ,"69,631.04  "
19/03/2024,Journal Entry,129,,NABPF.AX,s160AQT Income (Franking Cr),,87.57  ,"69,718.61  "
21/03/2024,Journal Entry,130,,AN3PG.AX,s160AQT Income (Franking Cr),,288.72  ,"70,007.33  "
21/03/2024,Journal Entry,130,,AN3PI.AX,s160AQT Income (Franking Cr),,312.77  ,"70,320.10  "
22/03/2024,Journal Entry,131,,WBCPK.AX,s160AQT Income (Franking Cr),,326.21  ,"70,646.31  "
18/06/2024,Journal Entry,137,,,s160AQT Income (Franking Cr),,160.95  ,"70,807.26  "
18/06/2024,Journal Entry,136,,,s160AQT Income (Franking Cr),,249.93  ,"71,057.19  "
18/06/2024,Journal Entry,138,,,s160AQT Income (Franking Cr),,87.48  ,"71,144.67  "
18/06/2024,Journal Entry,139,,,s160AQT Income (Franking Cr),,224.50  ,"71,369.17  "
20/06/2024,Journal Entry,140,,,s160AQT Income (Franking Cr),,355.26  ,"71,724.43  "
22/06/2024,Journal Entry,141,,,s160AQT Income (Franking Cr),,328.91  ,"72,053.34  "
17/09/2024,Journal Entry,150,,CBAPI.AX,s160AQT Income (Franking Cr),,250.81  ,"72,304.15  "
17/09/2024,Journal Entry,151,,CBAPJ.AX,s160AQT Income (Franking Cr),,161.54  ,"72,465.69  "
18/09/2024,Journal Entry,153,,NABPI.AX,s160AQT Income (Franking Cr),,227.49  ,"72,693.18  "
18/09/2024,Journal Entry,152,,NABPF.AX,s160AQT Income (Franking Cr),,88.62  ,"72,781.80  "
20/09/2024,Journal Entry,209,,AN3PI.AX,s160AQT Income (Franking Cr),,82.27  ,"72,864.07  "
21/09/2024,Journal Entry,154,,AN3PI.AX,s160AQT Income (Franking Cr),,152.80  ,"73,016.87  "
24/09/2024,Journal Entry,155,,WBCPK.AX,s160AQT Income (Franking Cr),,220.56  ,"73,237.43  "
17/12/2024,Journal Entry,164,,CBAPI.AX,s160AQT Income (Franking Cr),,249.62  ,"73,487.05  "
17/12/2024,Journal Entry,165,,CBAPJ.AX,s160AQT Income (Franking Cr),,160.79  ,"73,647.84  "
18/12/2024,Journal Entry,168,,NAPBPI.AX,s160AQT Income (Franking Cr),,226.41  ,"73,874.25  "
18/12/2024,Journal Entry,166,,NABPF.AX,s160AQT Income (Franking Cr),,88.14  ,"73,962.39  "
21/12/2024,Journal Entry,169,,AN3PI.AX,s160AQT Income (Franking Cr),,247.60  ,"74,209.99  "
24/12/2024,Journal Entry,170,,WBCPK.AX,s160AQT Income (Franking Cr),,219.24  ,"74,429.23  "
18/03/2025,Journal Entry,173,,CBAPI.AX,s160AQT Income (Franking Cr),,248.32  ,"74,677.55  "
18/03/2025,Journal Entry,175,,NABPF.AX,s160AQT Income (Franking Cr),,87.67  ,"74,765.22  "
18/03/2025,Journal Entry,174,,CBAPJ.AX,s160AQT Income (Franking Cr),,159.99  ,"74,925.21  "
18/03/2025,Journal Entry,176,,NABPI.AX,s160AQT Income (Franking Cr),,225.34  ,"75,150.55  "
17/06/2025,Journal Entry,195,,CBAPI.AX,s160AQT Income (Franking Cr),,242.06  ,"75,392.61  "
17/06/2025,Journal Entry,196,,CBAPJ.AX,s160AQT Income (Franking Cr),,155.70  ,"75,548.31  "
18/06/2025,Journal Entry,198,,NABPI.AX,s160AQT Income (Franking Cr),,219.70  ,"75,768.01  "
18/06/2025,Journal Entry,197,,NABPF.AX,s160AQT Income (Franking Cr),,85.89  ,"75,853.90  "
19/06/2025,Journal Entry,204,,HBRD.AX,s160AQT Income (Franking Cr),,62.64  ,"75,916.54  "
19/06/2025,Journal Entry,199,,BHYB.AX,s160AQT Income (Franking Cr),,65.77  ,"75,982.31  "
,,,,,,,"A$75,982.31  ",
,,,,,,,,
30/06/2023,Journal Entry,107,,,Trust Distributions,,"9,176.00  ","9,176.00  "
,,,,,,   ,"A$9,176.00  ",
,,,,,,,,
30/06/2005,Journal Entry,2,,,Trust Distributions:McLaren Williams Consulting,,"184,126.39  ","184,126.39  "
30/06/2006,Journal Entry,7,,,Trust Distributions:McLaren Williams Consulting,,"183,000.00  ","367,126.39  "
30/06/2007,Journal Entry,11,,,Trust Distributions:McLaren Williams Consulting,,"178,000.00  ","545,126.39  "
30/06/2009,Journal Entry,24,,,Trust Distributions:McLaren Williams Consulting,,"76,215.95  ","621,342.34  "
30/06/2010,Journal Entry,33,,,Trust Distributions:McLaren Williams Consulting,,"26,773.26  ","648,115.60  "
,,,,,,   ,"A$648,115.60  ",
,,,,,,,,
30/06/2009,Journal Entry,24,,,Trust Distributions:McLaren Williams Family,,"113,933.46  ","113,933.46  "
,,,,,,   ,"A$113,933.46  ",
,,,,,,,"A$771,225.06  ",
,,,,,,,,
01/07/2010,Cheque Expense,,Commbank,,Bank Service Charges,1.00  ,,1.00  
02/08/2010,Cheque Expense,,Commbank,,Bank Service Charges,1.00  ,,2.00  
06/08/2010,Cheque Expense,,ANZ Bank,,Bank Service Charges,2.50  ,,4.50  
08/09/2011,Cheque Expense,,ANZ Bank,,Bank Service Charges,2.50  ,,7.00  
07/10/2011,Cheque Expense,,ANZ Bank,,Bank Service Charges,2.50  ,,9.50  
08/11/2011,Cheque Expense,,ANZ Bank,,Bank Service Charges,2.50  ,,12.00  
06/12/2011,Cheque Expense,,ANZ Bank,,Bank Service Charges,2.50  ,,14.50  
06/01/2012,Cheque Expense,,ANZ Bank,,Bank Service Charges,2.50  ,,17.00  
08/02/2012,Cheque Expense,,ANZ Bank,,Bank Service Charges,2.50  ,,19.50  
08/03/2012,Cheque Expense,,ANZ Bank,,Bank Service Charges,2.50  ,,22.00  
05/04/2012,Cheque Expense,,ANZ Bank,,Bank Service Charges,2.50  ,,24.50  
08/05/2012,Cheque Expense,,ANZ Bank,,Bank Service Charges,2.50  ,,27.00  
08/06/2012,Cheque Expense,,ANZ Bank,,Bank Service Charges,2.50  ,,29.50  
06/07/2012,Cheque Expense,,ANZ Bank,,Bank Service Charges,2.50  ,,32.00  
08/08/2012,Cheque Expense,,ANZ Bank,,Bank Service Charges,2.50  ,,34.50  
07/09/2012,Cheque Expense,,ANZ Bank,,Bank Service Charges,2.50  ,,37.00  
08/10/2012,Cheque Expense,,ANZ Bank,,Bank Service Charges,2.50  ,,39.50  
08/11/2012,Cheque Expense,,ANZ Bank,,Bank Service Charges,2.50  ,,42.00  
07/12/2012,Cheque Expense,,ANZ Bank,,Bank Service Charges,2.50  ,,44.50  
08/01/2013,Cheque Expense,,ANZ Bank,,Bank Service Charges,2.50  ,,47.00  
08/02/2013,Cheque Expense,,ANZ Bank,,Bank Service Charges,2.50  ,,49.50  
08/03/2013,Cheque Expense,,ANZ Bank,,Bank Service Charges,2.50  ,,52.00  
08/04/2013,Cheque Expense,,ANZ Bank,,Bank Service Charges,2.50  ,,54.50  
08/05/2013,Cheque Expense,2,ANZ Bank,,Bank Service Charges,2.50  ,,57.00  
08/06/2013,Cheque Expense,3,ANZ Bank,,Bank Service Charges,2.50  ,,59.50  
08/07/2013,Cheque Expense,4,ANZ Bank,,Bank Service Charges,2.50  ,,62.00  
08/08/2013,Cheque Expense,5,ANZ Bank,,Bank Service Charges,2.50  ,,64.50  
08/09/2013,Cheque Expense,6,ANZ Bank,,Bank Service Charges,2.50  ,,67.00  
08/10/2013,Cheque Expense,7,ANZ Bank,,Bank Service Charges,2.50  ,,69.50  
08/11/2013,Cheque Expense,9,ANZ Bank,,Bank Service Charges,2.50  ,,72.00  
08/12/2013,Cheque Expense,10,ANZ Bank,,Bank Service Charges,2.50  ,,74.50  
08/01/2014,Cheque Expense,11,ANZ Bank,,Bank Service Charges,2.50  ,,77.00  
08/02/2014,Cheque Expense,12,ANZ Bank,,Bank Service Charges,2.50  ,,79.50  
08/03/2014,Cheque Expense,13,ANZ Bank,,Bank Service Charges,2.50  ,,82.00  
08/04/2014,Cheque Expense,14,ANZ Bank,,Bank Service Charges,2.50  ,,84.50  
08/05/2014,Cheque Expense,15,ANZ Bank,,Bank Service Charges,2.50  ,,87.00  
08/06/2014,Cheque Expense,16,ANZ Bank,,Bank Service Charges,2.50  ,,89.50  
08/07/2014,Cheque Expense,17,ANZ Bank,,Bank Service Charges,2.50  ,,92.00  
08/08/2014,Cheque Expense,18,ANZ Bank,,Bank Service Charges,2.50  ,,94.50  
08/09/2014,Cheque Expense,19,ANZ Bank,,Bank Service Charges,2.50  ,,97.00  
08/10/2014,Cheque Expense,20,ANZ Bank,,Bank Service Charges,2.50  ,,99.50  
08/11/2014,Cheque Expense,21,ANZ Bank,,Bank Service Charges,2.50  ,,102.00  
08/12/2014,Cheque Expense,22,ANZ Bank,,Bank Service Charges,2.50  ,,104.50  
08/01/2015,Cheque Expense,23,ANZ Bank,,Bank Service Charges,2.50  ,,107.00  
08/02/2015,Cheque Expense,24,ANZ Bank,,Bank Service Charges,2.50  ,,109.50  
08/03/2015,Cheque Expense,25,ANZ Bank,,Bank Service Charges,2.50  ,,112.00  
08/04/2015,Cheque Expense,26,ANZ Bank,,Bank Service Charges,2.50  ,,114.50  
08/05/2015,Cheque Expense,27,ANZ Bank,,Bank Service Charges,2.50  ,,117.00  
08/06/2015,Cheque Expense,28,ANZ Bank,,Bank Service Charges,2.50  ,,119.50  
08/07/2015,Cheque Expense,29,ANZ Bank,,Bank Service Charges,2.50  ,,122.00  
08/08/2015,Cheque Expense,30,ANZ Bank,,Bank Service Charges,2.50  ,,124.50  
08/09/2015,Cheque Expense,31,ANZ Bank,,Bank Service Charges,2.50  ,,127.00  
08/10/2015,Cheque Expense,32,ANZ Bank,,Bank Service Charges,2.50  ,,129.50  
08/11/2015,Cheque Expense,33,ANZ Bank,,Bank Service Charges,2.50  ,,132.00  
08/12/2015,Cheque Expense,34,ANZ Bank,,Bank Service Charges,2.50  ,,134.50  
08/01/2016,Cheque Expense,35,ANZ Bank,,Bank Service Charges,2.50  ,,137.00  
08/02/2016,Cheque Expense,36,ANZ Bank,,Bank Service Charges,2.50  ,,139.50  
08/03/2016,Cheque Expense,37,ANZ Bank,,Bank Service Charges,2.50  ,,142.00  
08/04/2016,Cheque Expense,38,ANZ Bank,,Bank Service Charges,2.50  ,,144.50  
08/05/2016,Cheque Expense,39,ANZ Bank,,Bank Service Charges,2.50  ,,147.00  
08/06/2016,Cheque Expense,40,ANZ Bank,,Bank Service Charges,2.50  ,,149.50  
08/07/2016,Cheque Expense,,ANZ Bank,,Bank Service Charges,2.50  ,,152.00  
08/08/2016,Cheque Expense,42,ANZ Bank,,Bank Service Charges,2.50  ,,154.50  
08/09/2016,Cheque Expense,43,ANZ Bank,,Bank Service Charges,2.50  ,,157.00  
08/10/2016,Cheque Expense,44,ANZ Bank,,Bank Service Charges,2.50  ,,159.50  
08/11/2016,Cheque Expense,45,ANZ Bank,,Bank Service Charges,2.50  ,,162.00  
08/12/2016,Cheque Expense,46,ANZ Bank,,Bank Service Charges,2.50  ,,164.50  
06/01/2017,Cheque Expense,,ANZ Bank,,Bank Service Charges,2.50  ,,167.00  
08/02/2017,Cheque Expense,48,ANZ Bank,,Bank Service Charges,2.50  ,,169.50  
08/03/2017,Cheque Expense,49,ANZ Bank,,Bank Service Charges,2.50  ,,172.00  
08/04/2017,Cheque Expense,50,ANZ Bank,,Bank Service Charges,2.50  ,,174.50  
08/05/2017,Cheque Expense,,ANZ Bank,,Bank Service Charges,0.40  ,,174.90  
08/05/2017,Cheque Expense,,ANZ Bank,,Bank Service Charges,0.40  ,,175.30  
08/05/2017,Cheque Expense,51,ANZ Bank,,Bank Service Charges,2.50  ,,177.80  
08/06/2017,Cheque Expense,52,ANZ Bank,,Bank Service Charges,2.50  ,,180.30  
08/07/2017,Cheque Expense,53,ANZ Bank,,Bank Service Charges,2.50  ,,182.80  
08/08/2017,Cheque Expense,54,ANZ Bank,,Bank Service Charges,2.50  ,,185.30  
08/09/2017,Cheque Expense,55,ANZ Bank,,Bank Service Charges,2.50  ,,187.80  
08/09/2017,Cheque Expense,,ANZ Bank,,Bank Service Charges,0.60  ,,188.40  
08/10/2017,Cheque Expense,56,ANZ Bank,,Bank Service Charges,2.50  ,,190.90  
08/11/2017,Cheque Expense,57,ANZ Bank,,Bank Service Charges,2.50  ,,193.40  
08/12/2017,Cheque Expense,58,ANZ Bank,,Bank Service Charges,2.50  ,,195.90  
08/01/2018,Cheque Expense,59,ANZ Bank,,Bank Service Charges,2.50  ,,198.40  
08/02/2018,Cheque Expense,60,ANZ Bank,,Bank Service Charges,2.50  ,,200.90  
08/03/2018,Cheque Expense,61,ANZ Bank,,Bank Service Charges,2.50  ,,203.40  
08/04/2018,Cheque Expense,62,ANZ Bank,,Bank Service Charges,2.50  ,,205.90  
08/05/2018,Cheque Expense,63,ANZ Bank,,Bank Service Charges,2.50  ,,208.40  
08/06/2018,Cheque Expense,64,ANZ Bank,,Bank Service Charges,2.50  ,,210.90  
29/03/2019,Cheque Expense,,ANZ Bank,,Bank Service Charges,3.00  ,,213.90  
29/03/2019,Cheque Expense,,ANZ Bank,,Bank Service Charges,0.60  ,,214.50  
31/05/2019,Cheque Expense,,ANZ Bank,,Bank Service Charges,0.60  ,,215.10  
31/05/2019,Cheque Expense,,ANZ Bank,,Bank Service Charges,1.80  ,,216.90  
31/12/2019,Expense,,,"1 EXCESS EFTPOS, PHONE BANKING,         AUTOMATIC TRANSACTIONS - FEE",Bank Service Charges,0.60  ,,217.50  
31/12/2019,Expense,,,1 EXCESS INTERNET/ONLINE TRANSACTIONS   - FEE,Bank Service Charges,0.60  ,,218.10  
23/03/2020,Expense,,Josephine McLaren,EB 13644                                TO 310837,Bank Service Charges,28.00  ,,246.10  
31/03/2020,Expense,,ANZ Bank,4 EXCESS INTERNET/ONLINE TRANSACTIONS   - FEE,Bank Service Charges,2.40  ,,248.50  
31/03/2020,Expense,,ANZ Bank,"2 EXCESS EFTPOS, PHONE BANKING,         AUTOMATIC TRANSACTIONS - FEE",Bank Service Charges,1.20  ,,249.70  
30/06/2020,Expense,,,"3 EXCESS EFTPOS, PHONE BANKING,         AUTOMATIC TRANSACTIONS - FEE",Bank Service Charges,1.80  ,,251.50  
30/06/2020,Expense,,,1 EXCESS INTERNET/ONLINE TRANSACTIONS   - FEE,Bank Service Charges,0.60  ,,252.10  
30/09/2020,Expense,,ANZ Bank,"1 EXCESS EFTPOS, PHONE BANKING,         AUTOMATIC TRANSACTIONS - FEE",Bank Service Charges,0.60  ,,252.70  
31/12/2020,Expense,,ANZ Bank,"1 EXCESS EFTPOS, PHONE BANKING,         AUTOMATIC TRANSACTIONS - FEE",Bank Service Charges,0.60  ,,253.30  
27/09/2023,Journal Entry,125,,,Bank Service Charges,6.60  ,,259.90  
,,,,,,A$259.90  ,,
,,,,,,,,
,,,,,,,,
02/04/2006,Journal Entry,6,,,Licenses and Permits:ASIC,212.00  ,,212.00  
24/05/2007,Cheque Expense,,ASIC,,Licenses and Permits:ASIC,212.00  ,,424.00  
25/03/2008,Journal Entry,14,,,Licenses and Permits:ASIC,212.00  ,,636.00  
23/05/2009,Journal Entry,23,,,Licenses and Permits:ASIC,212.00  ,,848.00  
23/05/2010,Journal Entry,30,,,Licenses and Permits:ASIC,212.00  ,,"1,060.00  "
24/05/2011,Cheque Expense,,ASIC,,Licenses and Permits:ASIC,218.00  ,,"1,278.00  "
23/06/2012,Cheque Expense,,ASIC,,Licenses and Permits:ASIC,226.50  ,,"1,504.50  "
05/07/2012,Cheque Expense,,ASIC,,Licenses and Permits:ASIC,69.00  ,,"1,573.50  "
23/05/2013,Cheque Expense,,ASIC,,Licenses and Permits:ASIC,230.00  ,,"1,803.50  "
23/05/2014,Cheque Expense,,ASIC,,Licenses and Permits:ASIC,236.00  ,,"2,039.50  "
22/05/2015,Cheque Expense,,ASIC,,Licenses and Permits:ASIC,243.00  ,,"2,282.50  "
10/04/2016,Cheque Expense,,ASIC,,Licenses and Permits:ASIC,246.00  ,,"2,528.50  "
10/04/2017,Cheque Expense,,ASIC,,Licenses and Permits:ASIC,249.00  ,,"2,777.50  "
28/04/2018,Cheque Expense,,ASIC,,Licenses and Permits:ASIC,254.00  ,,"3,031.50  "
13/05/2019,Cheque Expense,,ASIC,,Licenses and Permits:ASIC,263.00  ,,"3,294.50  "
01/04/2020,Expense,,ASIC,ANZ INTERNET BANKING BPAY               ASIC                          {759930},Licenses and Permits:ASIC,267.00  ,,"3,561.50  "
12/04/2021,Expense,,ASIC,ANZ INTERNET BANKING BPAY               ASIC                          {279029},Licenses and Permits:ASIC,273.00  ,,"3,834.50  "
11/05/2022,Expense,,ASIC,ANZ INTERNET BANKING BPAY               ASIC                          {279029},Licenses and Permits:ASIC,276.00  ,,"4,110.50  "
27/03/2023,Expense,,ASIC,ANZ INTERNET BANKING BPAY               ASIC                          {665957},Licenses and Permits:ASIC,290.00  ,,"4,400.50  "
05/04/2024,Expense,,ASIC,ANZ INTERNET BANKING BPAY               ASIC                          {665500},Licenses and Permits:ASIC,310.00  ,,"4,710.50  "
31/03/2025,Expense,,ASIC,ANZ INTERNET BANKING BPAY               ASIC                          {672199},Licenses and Permits:ASIC,321.00  ,,"5,031.50  "
,,,,,,"A$5,031.50  ",   ,
,,,,,,"A$5,031.50  ",,
,,,,,,,,
,,,,,,,,
31/12/2007,Journal Entry,12,,,Miscellaneous:Rounding,,0.20  ,-0.20  
07/05/2016,Journal Entry,64,,,Miscellaneous:Rounding,0.47  ,,0.27  
30/06/2016,Journal Entry,68,,,Miscellaneous:Rounding,,22.35  ,-22.08  
,,,,,,A$0.47  ,A$22.55  ,
,,,,,,A$0.47  ,A$22.55  ,
,,,,,,,,
,,,,,,,,
28/06/2021,Expense,,Cambel Cass (Melbourne),Tax Return 2020,Professional Fees:Accounting,275.00  ,,275.00  
22/06/2022,Expense,,Cambel Cass (Melbourne),Tax Return,Professional Fees:Accounting,291.50  ,,566.50  
22/08/2023,Journal Entry,105,,Payment for 2021/22 tax return,Professional Fees:Accounting,396.00  ,,962.50  
20/09/2024,Expense,,Cambel Cass (Melbourne),Tax Return,Professional Fees:Accounting,291.50  ,,"1,254.00  "
10/07/2025,Expense,,Cambel Cass (Melbourne),Tax Return,Professional Fees:Accounting,302.50  ,,"1,556.50  "
,,,,,,"A$1,556.50  ",   ,
,,,,,,,,
29/11/2019,Journal Entry,35,,Intuit Subscription,Professional Fees:Quickbooks,14.99  ,,14.99  
29/12/2019,Journal Entry,38,,,Professional Fees:Quickbooks,,14.99  ,0.00  
,,,,,,A$14.99  ,A$14.99  ,
,,,,,,"A$1,571.49  ",A$14.99  ,
,,,,,,,,
13/02/2020,Expense,,Intuit,Quickbooks Subscription,Software Expense,14.99  ,,14.99  
16/03/2020,Expense,,Intuit,PAYMENT                                 TO INTUIT*QUICKBOOK T1-68EF5AA-0,Software Expense,14.99  ,,29.98  
14/04/2020,Expense,,Intuit,PAYMENT                                 TO INTUIT*QUICKBOOK T1-6E2BDD3-0,Software Expense,14.99  ,,44.97  
14/05/2020,Expense,,Intuit,PAYMENT                                 TO INTUIT*QUICKBOOK T1-73C6A2C-0,Software Expense,14.99  ,,59.96  
15/06/2020,Expense,,Intuit,PAYMENT                                 TO INTUIT*QUICKBOOK T1-796EF01-0,Software Expense,14.99  ,,74.95  
14/07/2020,Expense,,Intuit,PAYMENT                                 TO INTUIT*QUICKBOOK T1-7F6255B-0,Software Expense,14.99  ,,89.94  
13/08/2020,Expense,,Intuit,PAYMENT                                 TO INTUIT*QUICKBOOK T1-856C4B0-0,Software Expense,14.99  ,,104.93  
14/09/2020,Expense,,Intuit,PAYMENT                                 TO INTUIT*QUICKBOOK T1-8BC6D99-0,Software Expense,14.99  ,,119.92  
14/10/2020,Expense,,Intuit,PAYMENT                                 TO INTUIT*QUICKBOOK T1-924A6F5-0,Software Expense,14.99  ,,134.91  
13/11/2020,Expense,,,PAYMENT                                 TO INTUIT*QUICKBOOK T1-98D966A-0,Software Expense,14.99  ,,149.90  
14/12/2020,Expense,,Intuit,PAYMENT                                 TO INTUIT*QUICKBOOK T1-9FD2201-0,Software Expense,14.99  ,,164.89  
13/01/2021,Expense,,Intuit,PAYMENT                                 TO INTUIT*QUICKBOOK T1-A6CB51A-0,Software Expense,14.99  ,,179.88  
15/02/2021,Expense,,Intuit,PAYMENT                                 TO INTUIT*QUICKBOOK T1-AE2E0CB-0,Software Expense,14.99  ,,194.87  
16/03/2021,Expense,,Intuit,PAYMENT                                 TO INTUIT*QUICKBOOK T1-B59D99B-0,Software Expense,14.99  ,,209.86  
13/04/2021,Expense,,Intuit,PAYMENT                                 TO INTUIT*QUICKBOOK T1-BC61BA5-0,Software Expense,14.99  ,,224.85  
14/05/2021,Expense,,Intuit,PAYMENT                                 TO INTUIT*QUICKBOOK T1-C495901-0,Software Expense,20.00  ,,244.85  
14/06/2021,Expense,,Intuit,PAYMENT                                 TO INTUIT*QUICKBOOK T1-CCBFD58-0,Software Expense,20.00  ,,264.85  
14/07/2021,Expense,,Intuit,PAYMENT                                 TO INTUIT*QUICKBOOK T1-D56A3FC-0,Software Expense,20.00  ,,284.85  
13/08/2021,Expense,,Intuit,PAYMENT                                 TO INTUIT*QUICKBOOK T1-DDD7B28-0,Software Expense,20.00  ,,304.85  
13/09/2021,Expense,,Intuit,PAYMENT                                 TO INTUIT*QUICKBOOK T1-E55DCF9-0,Software Expense,20.00  ,,324.85  
14/10/2021,Expense,,Intuit,PAYMENT                                 TO INTUIT*QUICKBOOK T1-EA8B6CF-0,Software Expense,20.00  ,,344.85  
15/11/2021,Expense,,Intuit,PAYMENT                                 TO INTUIT*QUICKBOOK T1-ED35BF8-0,Software Expense,20.00  ,,364.85  
14/12/2021,Expense,,Intuit,PAYMENT                                 TO INTUIT*QUICKBOOK T1-EFDF043-0,Software Expense,20.00  ,,384.85  
13/01/2022,Expense,,Intuit,PAYMENT                                 TO INTUIT*QUICKBOOK T1-F459F52-0,Software Expense,20.00  ,,404.85  
14/02/2022,Expense,,Intuit,PAYMENT                                 TO INTUIT*QUICKBOOK T1-F73BEF9-0,Software Expense,20.00  ,,424.85  
16/03/2022,Expense,,Intuit,PAYMENT                                 TO INTUIT*QUICKBOOK T1-FA267B5-0,Software Expense,20.00  ,,444.85  
13/04/2022,Expense,,Intuit,PAYMENT                                 TO INTUIT*QUICKBOOK T1-FCC2B03-1,Software Expense,20.00  ,,464.85  
16/05/2022,Expense,,Intuit,PAYMENT                                 TO INTUIT*QUICKBOOK T1-FF7E2B5-1,Software Expense,20.00  ,,484.85  
13/06/2022,Expense,,Intuit,PAYMENT                                 TO INTUIT*QUICKBOOK T1-10221E36-0,Software Expense,20.00  ,,504.85  
14/07/2022,Expense,,Intuit,PAYMENT                                 TO INTUIT*QUICKBOOK T1-10A245B8-1,Software Expense,20.00  ,,524.85  
15/08/2022,Expense,,Intuit,PAYMENT                                 TO INTUIT*QUICKBOOK T1-107816FB-1,Software Expense,20.00  ,,544.85  
16/09/2022,Expense,,Intuit,PAYMENT                                 TO INTUIT*QUICKBOOK T1-10A245B8-1,Software Expense,20.00  ,,564.85  
14/10/2022,Expense,,Intuit,PAYMENT                                 TO INTUIT*QUICKBOOK T1-10A245B8-1,Software Expense,20.00  ,,584.85  
14/11/2022,Expense,,Intuit,PAYMENT                                 TO INTUIT*QUICKBOOK T1-10F842C2-1,Software Expense,20.00  ,,604.85  
14/12/2022,Expense,,Intuit,PAYMENT                                 TO INTUIT*QUICKBOOK T1-1122ABF9-0,Software Expense,20.00  ,,624.85  
16/01/2023,Expense,,Intuit,PAYMENT                                 TO INTUIT*QUICKBOOK T1-114E8CDD-0,Software Expense,20.00  ,,644.85  
15/02/2023,Expense,,Intuit,PAYMENT                                 TO INTUIT*QUICKBOOK T1-1177EE6A-0,Software Expense,20.00  ,,664.85  
20/02/2023,Expense,,Intuit,PAYMENT                                 TO INTUIT*QUICKBOOK T1-118081D5-0,Software Expense,20.00  ,,684.85  
20/03/2023,Expense,,Intuit,PAYMENT                                 TO INTUIT*QUICKBOOK T1-11B42E88-0,Software Expense,20.00  ,,704.85  
17/04/2023,Expense,,Intuit,PAYMENT                                 TO INTUIT*QUICKBOOK T1-11E11B7C-0,Software Expense,20.00  ,,724.85  
15/05/2023,Expense,,Intuit,PAYMENT                                 TO INTUIT*QUICKBOOK T1-12111A47-0,Software Expense,20.00  ,,744.85  
13/06/2023,Expense,,Intuit,PAYMENT                                 TO INTUIT*QUICKBOOK T1-12407525-1,Software Expense,20.00  ,,764.85  
14/07/2023,Expense,,Intuit,PAYMENT                                 TO INTUIT*QUICKBOOK T1-1270CAE4-1,Software Expense,20.00  ,,784.85  
14/08/2023,Expense,,Intuit,PAYMENT                                 TO INTUIT*QUICKBOOK T1-12A0E3E5-0,Software Expense,20.00  ,,804.85  
13/09/2023,Expense,,Intuit,PAYMENT                                 TO INTUIT*QUICKBOOK T1-12D08FC5-0,Software Expense,20.00  ,,824.85  
16/10/2023,Expense,,Intuit,PAYMENT                                 TO INTUIT*QUICKBOOK T1-12FFAAFD-1,Software Expense,20.00  ,,844.85  
13/11/2023,Expense,,Intuit,PAYMENT                                 TO INTUIT*QUICKBOOK T1-132FEAA4-0,Software Expense,25.00  ,,869.85  
14/12/2023,Expense,,Intuit,PAYMENT                                 TO INTUIT*QUICKBOOK T1-13616496-1,Software Expense,25.00  ,,894.85  
15/01/2024,Expense,,Intuit,PAYMENT                                 TO INTUIT*QUICKBOOK T1-1392DD6C-0,Software Expense,25.00  ,,919.85  
13/02/2024,Expense,,Intuit,PAYMENT                                 TO INTUIT*QUICKBOOK T1-13CAB83E-0,Software Expense,25.00  ,,944.85  
15/03/2024,Expense,,Intuit,PAYMENT                                 TO INTUIT*QUICKBOOK T1-1404529C-0,Software Expense,25.00  ,,969.85  
15/04/2024,Expense,,Intuit,PAYMENT                                 TO INTUIT*QUICKBOOK T1-143C0485-0,Software Expense,25.00  ,,994.85  
14/05/2024,Expense,,Intuit,PAYMENT                                 TO INTUIT*QUICKBOOK T1-14735A98-0,Software Expense,25.00  ,,"1,019.85  "
13/06/2024,Expense,,Intuit,PAYMENT                                 TO INTUIT*QUICKBOOK T1-14A66CF2-1,Software Expense,25.00  ,,"1,044.85  "
15/07/2024,Expense,,Intuit,PAYMENT                                 TO INTUIT*QUICKBOOK T1-14DA2B6E-0,Software Expense,25.00  ,,"1,069.85  "
13/08/2024,Expense,,Intuit,PAYMENT                                 TO INTUIT*QUICKBOOK T1-150CDC4B-1,Software Expense,25.00  ,,"1,094.85  "
13/09/2024,Expense,,Intuit,PAYMENT                                 TO INTUIT*QUICKBOOK T1-153FB072-1,Software Expense,25.00  ,,"1,119.85  "
14/10/2024,Expense,,Intuit,PAYMENT                                 TO INTUIT*QUICKBOOK T1-157266AB-0,Software Expense,25.00  ,,"1,144.85  "
13/11/2024,Expense,,Intuit,PAYMENT                                 TO INTUIT*QUICKBOOK T1-15A5B80F-1,Software Expense,29.00  ,,"1,173.85  "
16/12/2024,Expense,,Intuit,PAYMENT                                 TO INTUIT*QUICKBOOK T1-15D8C762-0,Software Expense,29.00  ,,"1,202.85  "
13/01/2025,Expense,,Intuit,PAYMENT                                 TO INTUIT*QUICKBOOK T1-160C25B9-1,Software Expense,29.00  ,,"1,231.85  "
13/02/2025,Expense,,Intuit,PAYMENT                                 TO INTUIT*QUICKBOOK T1-164919A5-0,Software Expense,29.00  ,,"1,260.85  "
17/03/2025,Expense,,Intuit,PAYMENT                                 TO INTUIT*QUICKBOOK T1-168759DC-1,Software Expense,29.00  ,,"1,289.85  "
14/04/2025,Expense,,Intuit,PAYMENT                                 TO INTUIT*QUICKBOOK T1-16BAAE04-0,Software Expense,29.00  ,,"1,318.85  "
14/05/2025,Expense,,Intuit,PAYMENT                                 TO INTUIT*QUICKBOOK T1-16F150F9-0,Software Expense,29.00  ,,"1,347.85  "
13/06/2025,Expense,,Intuit,PAYMENT                                 TO INTUIT*QUICKBOOK T1-1726EFF2-1,Software Expense,29.00  ,,"1,376.85  "
14/07/2025,Expense,,Intuit,PAYMENT                                 TO INTUIT*QUICKBOOK T1-175D59DA-0,Software Expense,29.00  ,,"1,405.85  "
13/08/2025,Expense,,Intuit,PAYMENT                                 TO INTUIT*QUICKBOOK T1-179412E3-0,Software Expense,29.00  ,,"1,434.85  "
12/09/2025,Expense,,Intuit,PAYMENT                                 TO INTUIT*QUICKBOOK T1-17C94F28-0,Software Expense,286.33  ,,"1,721.18  "
,,,,,,"A$1,721.18  ",,
,,,,,,,,
02/01/2007,Journal Entry,9,,,Interest Income,,14.84  ,14.84  
02/04/2007,Journal Entry,10,,,Interest Income,,53.84  ,68.68  
02/07/2007,Journal Entry,11,,,Interest Income,,32.18  ,100.86  
02/01/2008,Journal Entry,13,,,Interest Income,,42.79  ,143.65  
01/04/2008,Journal Entry,14,,,Interest Income,,62.96  ,206.61  
01/07/2008,Journal Entry,15,,,Interest Income,,68.36  ,274.97  
01/10/2008,Journal Entry,16,,,Interest Income,,69.12  ,344.09  
02/01/2009,Journal Entry,17,,,Interest Income,,46.64  ,390.73  
12/01/2009,Journal Entry,22,,,Interest Income,,4.63  ,395.36  
01/04/2009,Journal Entry,24,,,Interest Income,,21.20  ,416.56  
01/07/2009,Journal Entry,25,,,Interest Income,,11.07  ,427.63  
01/10/2009,Journal Entry,25,,,Interest Income,,10.94  ,438.57  
04/01/2010,Journal Entry,26,,,Interest Income,,17.10  ,455.67  
01/04/2010,Journal Entry,27,,,Interest Income,,20.52  ,476.19  
30/06/2010,Journal Entry,35,,,Interest Income,,1.34  ,477.53  
30/06/2010,Journal Entry,27,,,Interest Income,,"13,267.49  ","13,745.02  "
30/06/2010,Journal Entry,36,,,Interest Income,,0.34  ,"13,745.36  "
01/07/2010,Journal Entry,34,,,Interest Income,,277.97  ,"14,023.33  "
31/07/2010,Journal Entry,39,,,Interest Income,,216.35  ,"14,239.68  "
31/07/2010,Journal Entry,40,,,Interest Income,,54.76  ,"14,294.44  "
18/08/2010,Journal Entry,43,,,Interest Income,,215.78  ,"14,510.22  "
31/08/2010,Journal Entry,47,,,Interest Income,,275.80  ,"14,786.02  "
31/08/2010,Journal Entry,48,,,Interest Income,,70.36  ,"14,856.38  "
08/09/2010,Journal Entry,44,,,Interest Income,,7.48  ,"14,863.86  "
30/09/2010,Journal Entry,51,,,Interest Income,,79.75  ,"14,943.61  "
30/09/2010,Journal Entry,50,,,Interest Income,,312.60  ,"15,256.21  "
08/10/2010,Journal Entry,53,,,Interest Income,,14.52  ,"15,270.73  "
31/10/2010,Journal Entry,68,,,Interest Income,,129.53  ,"15,400.26  "
31/10/2010,Journal Entry,67,,,Interest Income,,507.77  ,"15,908.03  "
08/11/2010,Journal Entry,54,,,Interest Income,,8.99  ,"15,917.02  "
30/11/2010,Journal Entry,63,,,Interest Income,,140.56  ,"16,057.58  "
30/11/2010,Journal Entry,61,,,Interest Income,,555.86  ,"16,613.44  "
08/12/2010,Journal Entry,56,,,Interest Income,,5.14  ,"16,618.58  "
31/12/2010,Journal Entry,64,,,Interest Income,,152.41  ,"16,770.99  "
31/12/2010,Journal Entry,62,,,Interest Income,,629.96  ,"17,400.95  "
07/01/2011,Journal Entry,57,,,Interest Income,,3.98  ,"17,404.93  "
31/01/2011,Journal Entry,65,,,Interest Income,,633.28  ,"18,038.21  "
08/02/2011,Journal Entry,59,,,Interest Income,,4.24  ,"18,042.45  "
28/02/2011,Journal Entry,66,,,Interest Income,,574.42  ,"18,616.87  "
08/03/2011,Journal Entry,60,,,Interest Income,,3.72  ,"18,620.59  "
31/03/2011,Journal Entry,69,,,Interest Income,,638.41  ,"19,259.00  "
08/04/2011,Journal Entry,70,,,Interest Income,,3.95  ,"19,262.95  "
30/04/2011,Journal Entry,72,,,Interest Income,,620.44  ,"19,883.39  "
06/05/2011,Journal Entry,71,,,Interest Income,,3.20  ,"19,886.59  "
31/05/2011,Journal Entry,42,,,Interest Income,,668.41  ,"20,555.00  "
08/06/2011,Journal Entry,43,,,Interest Income,,6.70  ,"20,561.70  "
30/06/2011,Journal Entry,41,,,Interest Income,,"13,807.99  ","34,369.69  "
30/06/2011,Journal Entry,44,,,Interest Income,,872.31  ,"35,242.00  "
08/07/2011,Journal Entry,45,,,Interest Income,,38.99  ,"35,280.99  "
31/07/2011,Journal Entry,48,,,Interest Income,,586.60  ,"35,867.59  "
08/08/2011,Journal Entry,48,,,Interest Income,,2.83  ,"35,870.42  "
31/08/2011,Journal Entry,49,,,Interest Income,,699.36  ,"36,569.78  "
08/09/2011,Journal Entry,49,,,Interest Income,,0.39  ,"36,570.17  "
09/09/2011,Journal Entry,52,,,Interest Income,,114.55  ,"36,684.72  "
30/09/2011,Journal Entry,50,,,Interest Income,,716.80  ,"37,401.52  "
07/10/2011,Journal Entry,56,,,Interest Income,,0.84  ,"37,402.36  "
07/10/2011,Journal Entry,53,,,Interest Income,,113.68  ,"37,516.04  "
31/10/2011,Journal Entry,53,,,Interest Income,,538.25  ,"38,054.29  "
08/11/2011,Journal Entry,46,,,Interest Income,,8.02  ,"38,062.31  "
09/11/2011,Journal Entry,45,,,Interest Income,,98.94  ,"38,161.25  "
30/11/2011,Journal Entry,54,,,Interest Income,,380.08  ,"38,541.33  "
06/12/2011,Journal Entry,52,,,Interest Income,,0.32  ,"38,541.65  "
31/12/2011,Journal Entry,55,,,Interest Income,,279.95  ,"38,821.60  "
06/01/2012,Journal Entry,51,,,Interest Income,,0.31  ,"38,821.91  "
09/01/2012,Journal Entry,59,,,Interest Income,,36.90  ,"38,858.81  "
09/01/2012,Journal Entry,58,,,Interest Income,,102.43  ,"38,961.24  "
31/01/2012,Journal Entry,64,,,Interest Income,,215.31  ,"39,176.55  "
08/02/2012,Journal Entry,60,,,Interest Income,,0.36  ,"39,176.91  "
09/02/2012,Journal Entry,61,,,Interest Income,,34.78  ,"39,211.69  "
29/02/2012,Journal Entry,65,,,Interest Income,,202.19  ,"39,413.88  "
08/03/2012,Journal Entry,62,,,Interest Income,,0.30  ,"39,414.18  "
12/03/2012,Journal Entry,63,,,Interest Income,,568.44  ,"39,982.62  "
31/03/2012,Journal Entry,66,,,Interest Income,,216.91  ,"40,199.53  "
01/04/2012,Journal Entry,68,,,Interest Income,,66.31  ,"40,265.84  "
05/04/2012,Journal Entry,71,,,Interest Income,,0.27  ,"40,266.11  "
05/04/2012,Journal Entry,69,,,Interest Income,,71.91  ,"40,338.02  "
30/04/2012,Journal Entry,56,,,Interest Income,,210.71  ,"40,548.73  "
08/05/2012,Journal Entry,52,,,Interest Income,,0.31  ,"40,549.04  "
09/05/2012,Journal Entry,51,,,Interest Income,,91.73  ,"40,640.77  "
31/05/2012,Journal Entry,57,,,Interest Income,,152.77  ,"40,793.54  "
08/06/2012,Journal Entry,53,,,Interest Income,,0.26  ,"40,793.80  "
08/06/2012,Journal Entry,55,,,Interest Income,,96.39  ,"40,890.19  "
30/06/2012,Journal Entry,49,,,Interest Income,,"11,598.37  ","52,488.56  "
30/06/2012,Journal Entry,58,,,Interest Income,,56.75  ,"52,545.31  "
06/07/2012,Journal Entry,59,,,Interest Income,,0.23  ,"52,545.54  "
09/07/2012,Journal Entry,60,,,Interest Income,,169.30  ,"52,714.84  "
31/07/2012,Journal Entry,72,,,Interest Income,,55.39  ,"52,770.23  "
08/08/2012,Journal Entry,67,,,Interest Income,,0.23  ,"52,770.46  "
09/08/2012,Journal Entry,63,,,Interest Income,,142.51  ,"52,912.97  "
31/08/2012,Journal Entry,73,,,Interest Income,,55.56  ,"52,968.53  "
07/09/2012,Journal Entry,66,,,Interest Income,,176.27  ,"53,144.80  "
07/09/2012,Journal Entry,68,,,Interest Income,,0.18  ,"53,144.98  "
30/09/2012,Journal Entry,71,,,Interest Income,,118.67  ,"53,263.65  "
07/10/2012,Journal Entry,74,,,Interest Income,,"1,353.76  ","54,617.41  "
08/10/2012,Journal Entry,76,,,Interest Income,,4.10  ,"54,621.51  "
09/10/2012,Journal Entry,75,,,Interest Income,,140.56  ,"54,762.07  "
31/10/2012,Journal Entry,60,,,Interest Income,,105.76  ,"54,867.83  "
08/11/2012,Journal Entry,58,,,Interest Income,,0.18  ,"54,868.01  "
09/11/2012,Journal Entry,59,,,Interest Income,,89.93  ,"54,957.94  "
30/11/2012,Journal Entry,63,,,Interest Income,,79.76  ,"55,037.70  "
07/12/2012,Journal Entry,66,,,Interest Income,,100.27  ,"55,137.97  "
07/12/2012,Journal Entry,65,,,Interest Income,,0.16  ,"55,138.13  "
18/12/2012,Journal Entry,62,,,Interest Income,,"1,242.74  ","56,380.87  "
31/12/2012,Journal Entry,64,,,Interest Income,,132.82  ,"56,513.69  "
08/01/2013,Journal Entry,73,,,Interest Income,,0.18  ,"56,513.87  "
09/01/2013,Journal Entry,63,,,Interest Income,,63.26  ,"56,577.13  "
31/01/2013,Journal Entry,70,,,Interest Income,,21.78  ,"56,598.91  "
08/02/2013,Journal Entry,64,,,Interest Income,,16.20  ,"56,615.11  "
28/02/2013,Journal Entry,69,,,Interest Income,,10.48  ,"56,625.59  "
08/03/2013,Journal Entry,65,,,Interest Income,,58.49  ,"56,684.08  "
31/03/2013,Journal Entry,68,,,Interest Income,,11.63  ,"56,695.71  "
02/04/2013,Journal Entry,66,,,Interest Income,,752.05  ,"57,447.76  "
08/04/2013,Journal Entry,67,,,Interest Income,,"1,828.99  ","59,276.75  "
09/04/2013,Journal Entry,71,,,Interest Income,,88.38  ,"59,365.13  "
30/04/2013,Journal Entry,75,,,Interest Income,,90.69  ,"59,455.82  "
09/05/2013,Journal Entry,78,,,Interest Income,,91.81  ,"59,547.63  "
31/05/2013,Journal Entry,79,,,Interest Income,,84.08  ,"59,631.71  "
30/06/2013,Journal Entry,80,,,Interest Income,,25.03  ,"59,656.74  "
30/06/2013,Journal Entry,61,,,Interest Income,,"1,133.63  ","60,790.37  "
09/07/2013,Journal Entry,63,,,Interest Income,,152.75  ,"60,943.12  "
31/07/2013,Journal Entry,81,,,Interest Income,,25.93  ,"60,969.05  "
09/08/2013,Journal Entry,67,,,Interest Income,,44.70  ,"61,013.75  "
12/08/2013,Journal Entry,75,,,Interest Income,,808.77  ,"61,822.52  "
31/08/2013,Journal Entry,71,,,Interest Income,,25.55  ,"61,848.07  "
09/09/2013,Journal Entry,70,,,Interest Income,,77.31  ,"61,925.38  "
30/09/2013,Journal Entry,72,,,Interest Income,,24.95  ,"61,950.33  "
09/10/2013,Journal Entry,63,,,Interest Income,,106.04  ,"62,056.37  "
31/10/2013,Journal Entry,66,,,Interest Income,,25.84  ,"62,082.21  "
03/11/2013,Journal Entry,76,,,Interest Income,,"1,951.88  ","64,034.09  "
08/11/2013,Journal Entry,64,,,Interest Income,,76.52  ,"64,110.61  "
10/11/2013,Journal Entry,74,,,Interest Income,,769.32  ,"64,879.93  "
30/11/2013,Journal Entry,78,,,Interest Income,,25.06  ,"64,904.99  "
09/12/2013,Journal Entry,71,,,Interest Income,,159.70  ,"65,064.69  "
31/12/2013,Journal Entry,68,,,Interest Income,,81.71  ,"65,146.40  "
08/01/2014,Journal Entry,69,,,Interest Income,,0.22  ,"65,146.62  "
09/01/2014,Journal Entry,73,,,Interest Income,,79.75  ,"65,226.37  "
31/01/2014,Journal Entry,67,,,Interest Income,,72.86  ,"65,299.23  "
07/02/2014,Journal Entry,84,,,Interest Income,,50.52  ,"65,349.75  "
28/02/2014,Journal Entry,77,,,Interest Income,,65.96  ,"65,415.71  "
07/03/2014,Journal Entry,83,,,Interest Income,,75.45  ,"65,491.16  "
23/03/2014,Journal Entry,86,,,Interest Income,,538.52  ,"66,029.68  "
31/03/2014,Journal Entry,85,,,Interest Income,,152.29  ,"66,181.97  "
09/04/2014,Journal Entry,81,,,Interest Income,,51.02  ,"66,232.99  "
30/04/2014,Journal Entry,93,,,Interest Income,,184.18  ,"66,417.17  "
09/05/2014,Journal Entry,89,,,Interest Income,,72.25  ,"66,489.42  "
31/05/2014,Journal Entry,66,,,Interest Income,,190.75  ,"66,680.17  "
01/06/2014,Journal Entry,96,,,Interest Income,,"1,698.65  ","68,378.82  "
08/06/2014,Journal Entry,95,,,Interest Income,,"1,812.33  ","70,191.15  "
09/06/2014,Journal Entry,92,,,Interest Income,,231.64  ,"70,422.79  "
22/06/2014,Journal Entry,94,,,Interest Income,,543.35  ,"70,966.14  "
30/06/2014,Journal Entry,98,,,Interest Income,,399.00  ,"71,365.14  "
08/07/2014,Journal Entry,97,,,Interest Income,,0.55  ,"71,365.69  "
09/07/2014,Journal Entry,100,,,Interest Income,,335.46  ,"71,701.15  "
31/07/2014,Journal Entry,102,,,Interest Income,,119.04  ,"71,820.19  "
31/08/2014,Journal Entry,103,,,Interest Income,,22.38  ,"71,842.57  "
01/09/2014,Journal Entry,106,,,Interest Income,,675.41  ,"72,517.98  "
08/09/2014,Journal Entry,107,,,Interest Income,,720.61  ,"73,238.59  "
08/09/2014,Journal Entry,108,,,Interest Income,,0.04  ,"73,238.63  "
22/09/2014,Journal Entry,114,,,Interest Income,,"1,111.14  ","74,349.77  "
30/09/2014,Journal Entry,111,,,Interest Income,,131.75  ,"74,481.52  "
02/10/2014,Journal Entry,113,,,Interest Income,,"3,254.79  ","77,736.31  "
08/10/2014,Journal Entry,109,,,Interest Income,,0.86  ,"77,737.17  "
09/10/2014,Journal Entry,110,,,Interest Income,,36.61  ,"77,773.78  "
31/10/2014,Journal Entry,118,,,Interest Income,,11.14  ,"77,784.92  "
31/10/2014,Journal Entry,116,,,Interest Income,,"1,277.29  ","79,062.21  "
30/11/2014,Journal Entry,115,,,Interest Income,,"1,268.37  ","80,330.58  "
31/12/2014,Journal Entry,120,,,Interest Income,,423.75  ,"80,754.33  "
31/12/2014,Journal Entry,119,,,Interest Income,,242.35  ,"80,996.68  "
31/01/2015,Journal Entry,127,,,Interest Income,,17.94  ,"81,014.62  "
06/02/2015,Journal Entry,123,,,Interest Income,,1.24  ,"81,015.86  "
27/02/2015,Journal Entry,129,,,Interest Income,,184.49  ,"81,200.35  "
28/02/2015,Journal Entry,125,,,Interest Income,,68.67  ,"81,269.02  "
31/03/2015,Journal Entry,130,,,Interest Income,,200.39  ,"81,469.41  "
31/03/2015,Journal Entry,126,,,Interest Income,,1.08  ,"81,470.49  "
30/04/2015,Journal Entry,67,,,Interest Income,,1.05  ,"81,471.54  "
30/04/2015,Journal Entry,64,,,Interest Income,,166.39  ,"81,637.93  "
29/05/2015,Journal Entry,65,,,Interest Income,,129.57  ,"81,767.50  "
31/05/2015,Journal Entry,68,,,Interest Income,,1.00  ,"81,768.50  "
30/06/2015,Journal Entry,71,,,Interest Income,,97.05  ,"81,865.55  "
30/06/2015,Journal Entry,76,,,Interest Income,,0.95  ,"81,866.50  "
31/07/2015,Journal Entry,77,,,Interest Income,,0.98  ,"81,867.48  "
31/07/2015,Journal Entry,73,,,Interest Income,,70.12  ,"81,937.60  "
04/08/2015,Journal Entry,74,,,Interest Income,,"3,772.60  ","85,710.20  "
31/08/2015,Journal Entry,75,,,Interest Income,,395.85  ,"86,106.05  "
30/09/2015,Journal Entry,78,,,Interest Income,,424.76  ,"86,530.81  "
30/10/2015,Journal Entry,79,,,Interest Income,,439.73  ,"86,970.54  "
30/11/2015,Journal Entry,80,,,Interest Income,,426.36  ,"87,396.90  "
31/12/2015,Journal Entry,84,,,Interest Income,,447.42  ,"87,844.32  "
08/01/2016,Journal Entry,83,,,Interest Income,,0.97  ,"87,845.29  "
31/01/2016,Journal Entry,85,,,Interest Income,,616.01  ,"88,461.30  "
29/02/2016,Journal Entry,86,,,Interest Income,,591.79  ,"89,053.09  "
31/03/2016,Journal Entry,87,,,Interest Income,,633.73  ,"89,686.82  "
30/04/2016,Journal Entry,90,,,Interest Income,,613.17  ,"90,299.99  "
31/05/2016,Journal Entry,91,,,Interest Income,,575.10  ,"90,875.09  "
30/06/2016,Journal Entry,92,,,Interest Income,,10.03  ,"90,885.12  "
30/06/2016,Journal Entry,93,,,Interest Income,,546.50  ,"91,431.62  "
29/07/2016,Journal Entry,95,,,Interest Income,,3.34  ,"91,434.96  "
31/07/2016,Journal Entry,94,,,Interest Income,,589.86  ,"92,024.82  "
31/08/2016,Journal Entry,113,,,Interest Income,,0.37  ,"92,025.19  "
31/08/2016,Journal Entry,103,,,Interest Income,,344.95  ,"92,370.14  "
08/09/2016,Journal Entry,100,,,Interest Income,,0.42  ,"92,370.56  "
30/09/2016,Journal Entry,104,,,Interest Income,,238.67  ,"92,609.23  "
07/10/2016,Journal Entry,102,,,Interest Income,,0.08  ,"92,609.31  "
31/10/2016,Journal Entry,107,,,Interest Income,,231.12  ,"92,840.43  "
30/11/2016,Journal Entry,109,,,Interest Income,,246.45  ,"93,086.88  "
08/12/2016,Journal Entry,112,,,Interest Income,,0.32  ,"93,087.20  "
31/12/2016,Journal Entry,114,,,Interest Income,,136.33  ,"93,223.53  "
06/01/2017,Journal Entry,123,,,Interest Income,,0.05  ,"93,223.58  "
31/01/2017,Journal Entry,115,,,Interest Income,,104.21  ,"93,327.79  "
08/02/2017,Journal Entry,118,,,Interest Income,,0.05  ,"93,327.84  "
28/02/2017,Journal Entry,137,,,Interest Income,,75.31  ,"93,403.15  "
06/03/2017,Journal Entry,133,,,Interest Income,,"2,545.89  ","95,949.04  "
08/03/2017,Journal Entry,122,,,Interest Income,,0.24  ,"95,949.28  "
31/03/2017,Journal Entry,117,,,Interest Income,,153.74  ,"96,103.02  "
07/04/2017,Journal Entry,129,,,Interest Income,,0.47  ,"96,103.49  "
30/04/2017,Journal Entry,135,,,Interest Income,,140.52  ,"96,244.01  "
08/05/2017,Journal Entry,138,,,Interest Income,,0.02  ,"96,244.03  "
31/05/2017,Journal Entry,136,,,Interest Income,,106.93  ,"96,350.96  "
08/06/2017,Journal Entry,139,,,Interest Income,,0.01  ,"96,350.97  "
30/06/2017,Journal Entry,143,,,Interest Income,,93.96  ,"96,444.93  "
30/06/2017,Journal Entry,142,,,Interest Income,,12.74  ,"96,457.67  "
07/07/2017,Journal Entry,144,,,Interest Income,,0.19  ,"96,457.86  "
31/07/2017,Journal Entry,148,,,Interest Income,,102.97  ,"96,560.83  "
31/07/2017,Journal Entry,146,,,Interest Income,,44.94  ,"96,605.77  "
08/08/2017,Journal Entry,149,,,Interest Income,,0.04  ,"96,605.81  "
31/08/2017,Journal Entry,157,,,Interest Income,,15.53  ,"96,621.34  "
31/08/2017,Journal Entry,159,,,Interest Income,,51.68  ,"96,673.02  "
08/09/2017,Journal Entry,177,,,Interest Income,,0.62  ,"96,673.64  "
29/09/2017,Journal Entry,164,,,Interest Income,,3.96  ,"96,677.60  "
30/09/2017,Journal Entry,199,,,Interest Income,,2.79  ,"96,680.39  "
31/10/2017,Journal Entry,201,,,Interest Income,,0.94  ,"96,681.33  "
31/10/2017,Journal Entry,166,,,Interest Income,,2.35  ,"96,683.68  "
30/11/2017,Journal Entry,202,,,Interest Income,,0.02  ,"96,683.70  "
30/11/2017,Journal Entry,167,,,Interest Income,,0.78  ,"96,684.48  "
31/12/2017,Journal Entry,203,,,Interest Income,,0.02  ,"96,684.50  "
31/01/2018,Journal Entry,173,,,Interest Income,,2.67  ,"96,687.17  "
31/01/2018,Journal Entry,204,,,Interest Income,,0.02  ,"96,687.19  "
28/02/2018,Journal Entry,174,,,Interest Income,,0.92  ,"96,688.11  "
28/02/2018,Journal Entry,205,,,Interest Income,,0.02  ,"96,688.13  "
31/03/2018,Journal Entry,206,,,Interest Income,,0.02  ,"96,688.15  "
06/04/2018,Journal Entry,196,,,Interest Income,,0.17  ,"96,688.32  "
30/04/2018,Journal Entry,96,,,Interest Income,,0.02  ,"96,688.34  "
30/04/2018,Journal Entry,103,,,Interest Income,,15.30  ,"96,703.64  "
31/05/2018,Journal Entry,104,,,Interest Income,,9.40  ,"96,713.04  "
31/05/2018,Journal Entry,93,,,Interest Income,,0.02  ,"96,713.06  "
29/06/2018,Journal Entry,92,,,Interest Income,,6.07  ,"96,719.13  "
29/06/2018,Journal Entry,91,,,Interest Income,,0.82  ,"96,719.95  "
30/06/2018,Journal Entry,107,,,Interest Income,,0.02  ,"96,719.97  "
31/07/2018,Journal Entry,110,,,Interest Income,,0.40  ,"96,720.37  "
31/07/2018,Journal Entry,108,,,Interest Income,,0.02  ,"96,720.39  "
31/07/2018,Journal Entry,106,,,Interest Income,,50.26  ,"96,770.65  "
31/08/2018,Journal Entry,99,,,Interest Income,,34.30  ,"96,804.95  "
31/08/2018,Journal Entry,109,,,Interest Income,,0.02  ,"96,804.97  "
28/09/2018,Journal Entry,100,,,Interest Income,,27.05  ,"96,832.02  "
30/09/2018,Journal Entry,110,,,Interest Income,,0.02  ,"96,832.04  "
31/10/2018,Journal Entry,94,,,Interest Income,,29.36  ,"96,861.40  "
31/10/2018,Journal Entry,111,,,Interest Income,,0.02  ,"96,861.42  "
30/11/2018,Journal Entry,101,,,Interest Income,,25.71  ,"96,887.13  "
30/11/2018,Journal Entry,112,,,Interest Income,,0.02  ,"96,887.15  "
31/12/2018,Journal Entry,113,,,Interest Income,,0.02  ,"96,887.17  "
31/12/2018,Journal Entry,95,,,Interest Income,,15.43  ,"96,902.60  "
31/12/2018,Journal Entry,105,,,Interest Income,,0.58  ,"96,903.18  "
31/01/2019,Journal Entry,107,,,Interest Income,,5.21  ,"96,908.39  "
31/01/2019,Journal Entry,114,,,Interest Income,,0.02  ,"96,908.41  "
28/02/2019,Journal Entry,97,,,Interest Income,,0.83  ,"96,909.24  "
28/02/2019,Journal Entry,120,,,Interest Income,,0.02  ,"96,909.26  "
29/03/2019,Journal Entry,161,,,Interest Income,,4.50  ,"96,913.76  "
29/03/2019,Journal Entry,160,,,Interest Income,,0.06  ,"96,913.82  "
31/03/2019,Journal Entry,100,,,Interest Income,,9.22  ,"96,923.04  "
30/04/2019,Journal Entry,119,,,Interest Income,,37.67  ,"96,960.71  "
31/05/2019,Journal Entry,102,,,Interest Income,,0.17  ,"96,960.88  "
31/05/2019,Deposit,,,Interest,Interest Income,,18.37  ,"96,979.25  "
30/06/2019,Deposit,,ING Direct,Interest,Interest Income,,0.09  ,"96,979.34  "
31/07/2019,Deposit,,,Interest Credit,Interest Income,,0.07  ,"96,979.41  "
31/08/2019,Deposit,,,Interest Credit,Interest Income,,0.07  ,"96,979.48  "
30/09/2019,Deposit,,,Interest Credit,Interest Income,,0.07  ,"96,979.55  "
31/10/2019,Deposit,,,Interest Credit,Interest Income,,0.06  ,"96,979.61  "
29/11/2019,Deposit,,,CREDIT INTEREST PAID,Interest Income,,0.08  ,"96,979.69  "
30/11/2019,Deposit,,,Interest Credit,Interest Income,,0.05  ,"96,979.74  "
31/12/2019,Deposit,,,Interest Credit,Interest Income,,0.05  ,"96,979.79  "
31/01/2020,Deposit,,,Interest Credit,Interest Income,,0.05  ,"96,979.84  "
29/02/2020,Deposit,,,Interest Credit,Interest Income,,0.05  ,"96,979.89  "
31/03/2020,Deposit,,,Interest Credit,Interest Income,,0.04  ,"96,979.93  "
31/03/2020,Deposit,,ANZ Bank,CREDIT INTEREST PAID,Interest Income,,1.64  ,"96,981.57  "
30/04/2020,Deposit,,,Interest Credit,Interest Income,,0.02  ,"96,981.59  "
31/05/2020,Deposit,,,Interest Credit,Interest Income,,0.02  ,"96,981.61  "
30/06/2020,Journal Entry,39,,,Interest Income,,"4,819.80  ","101,801.41  "
30/06/2020,Deposit,,,Interest Credit,Interest Income,,0.02  ,"101,801.43  "
31/07/2020,Deposit,,,Interest Credit,Interest Income,,0.02  ,"101,801.45  "
31/07/2020,Deposit,,ANZ Bank,CREDIT INTEREST PAID,Interest Income,,0.20  ,"101,801.65  "
31/08/2020,Deposit,,ANZ Bank,CREDIT INTEREST PAID,Interest Income,,1.31  ,"101,802.96  "
31/08/2020,Deposit,,ANZ Bank,CREDIT INTEREST PAID,Interest Income,,0.73  ,"101,803.69  "
31/08/2020,Deposit,,,Interest Credit,Interest Income,,0.02  ,"101,803.71  "
30/09/2020,Deposit,,ANZ Bank,CREDIT INTEREST PAID,Interest Income,,0.12  ,"101,803.83  "
30/09/2020,Deposit,,ANZ Bank,CREDIT INTEREST PAID,Interest Income,,1.11  ,"101,804.94  "
30/09/2020,Deposit,,,Interest Credit,Interest Income,,0.02  ,"101,804.96  "
15/10/2020,Journal Entry,50,,,Interest Income,,337.94  ,"102,142.90  "
31/10/2020,Deposit,,,Interest Credit,Interest Income,,0.02  ,"102,142.92  "
30/11/2020,Deposit,,,Interest Credit,Interest Income,,0.01  ,"102,142.93  "
31/12/2020,Deposit,,,Interest Credit,Interest Income,,0.01  ,"102,142.94  "
18/01/2021,Deposit,,,DIVIDEND                                FROM RSM PAYMENT      JAN21/00800409,Interest Income,,681.85  ,"102,824.79  "
31/01/2021,Deposit,,,Interest Credit,Interest Income,,0.01  ,"102,824.80  "
28/02/2021,Deposit,,,Interest Credit,Interest Income,,0.01  ,"102,824.81  "
31/03/2021,Deposit,,,Interest Credit,Interest Income,,0.01  ,"102,824.82  "
30/04/2021,Deposit,,,Interest Credit,Interest Income,,0.01  ,"102,824.83  "
31/05/2021,Deposit,,,Interest Credit,Interest Income,,0.01  ,"102,824.84  "
30/06/2021,Journal Entry,55,,,Interest Income,,0.13  ,"102,824.97  "
30/06/2021,Journal Entry,56,,,Interest Income,,1.99  ,"102,826.96  "
30/06/2021,Deposit,,,Interest Credit,Interest Income,,0.01  ,"102,826.97  "
30/07/2021,Deposit,,,CREDIT INTEREST PAID,Interest Income,,0.06  ,"102,827.03  "
31/07/2021,Deposit,,,Interest Credit,Interest Income,,0.01  ,"102,827.04  "
31/08/2021,Deposit,,,Interest Credit,Interest Income,,0.01  ,"102,827.05  "
30/09/2021,Deposit,,,Interest Credit,Interest Income,,0.01  ,"102,827.06  "
29/10/2021,Deposit,,ANZ Bank,,Interest Income,,0.04  ,"102,827.10  "
29/10/2021,Deposit,,ANZ Bank,CREDIT INTEREST PAID,Interest Income,,0.17  ,"102,827.27  "
31/10/2021,Deposit,,,Interest Credit,Interest Income,,0.01  ,"102,827.28  "
30/11/2021,Deposit,,,Interest Credit,Interest Income,,0.01  ,"102,827.29  "
30/11/2021,Deposit,,ANZ Bank,CREDIT INTEREST PAID,Interest Income,,0.41  ,"102,827.70  "
31/12/2021,Deposit,,ANZ Bank,CREDIT INTEREST PAID,Interest Income,,0.12  ,"102,827.82  "
31/12/2021,Deposit,,ANZ Bank,CREDIT INTEREST PAID,Interest Income,,0.01  ,"102,827.83  "
31/12/2021,Deposit,,,Interest Credit,Interest Income,,0.01  ,"102,827.84  "
31/01/2022,Deposit,,,Interest Credit,Interest Income,,0.01  ,"102,827.85  "
31/01/2022,Deposit,,ANZ Bank,CREDIT INTEREST PAID,Interest Income,,0.43  ,"102,828.28  "
28/02/2022,Deposit,,,Interest Credit,Interest Income,,0.01  ,"102,828.29  "
28/02/2022,Deposit,,ANZ Bank,CREDIT INTEREST PAID,Interest Income,,0.35  ,"102,828.64  "
31/03/2022,Deposit,,ANZ Bank,CREDIT INTEREST PAID,Interest Income,,0.15  ,"102,828.79  "
31/03/2022,Deposit,,,Interest Credit,Interest Income,,0.01  ,"102,828.80  "
31/03/2022,Deposit,,ANZ Bank,CREDIT INTEREST PAID,Interest Income,,0.38  ,"102,829.18  "
29/04/2022,Deposit,,ANZ Bank,CREDIT INTEREST PAID,Interest Income,,0.13  ,"102,829.31  "
29/04/2022,Deposit,,ANZ Bank,CREDIT INTEREST PAID,Interest Income,,0.35  ,"102,829.66  "
30/04/2022,Deposit,,,Interest Credit,Interest Income,,0.01  ,"102,829.67  "
31/05/2022,Journal Entry,73,,,Interest Income,,0.02  ,"102,829.69  "
31/05/2022,Deposit,,ANZ Bank,CREDIT INTEREST PAID,Interest Income,,0.06  ,"102,829.75  "
31/05/2022,Deposit,,ANZ Bank,CREDIT INTEREST PAID,Interest Income,,0.04  ,"102,829.79  "
30/06/2022,Deposit,,ANZ Bank,CREDIT INTEREST PAID,Interest Income,,0.01  ,"102,829.80  "
29/07/2022,Deposit,,ANZ Bank,CREDIT INTEREST PAID,Interest Income,,0.26  ,"102,830.06  "
16/08/2022,Deposit,,,AGVT,Interest Income,,20.35  ,"102,850.41  "
16/09/2022,Deposit,,,DIVIDEND                                FROM AGVT DST         001283617578,Interest Income,,22.73  ,"102,873.14  "
18/10/2022,Deposit,,,DIVIDEND                                FROM AGVT DST         001285155577,Interest Income,,19.93  ,"102,893.07  "
16/11/2022,Deposit,,Betashares,DIVIDEND                                FROM AGVT DST         001285593724,Interest Income,,22.40  ,"102,915.47  "
16/12/2022,Deposit,,Betashares,DIVIDEND                                FROM AGVT DST         001287354281,Interest Income,,22.44  ,"102,937.91  "
30/12/2022,Deposit,,ANZ Bank,CREDIT INTEREST PAID,Interest Income,,0.01  ,"102,937.92  "
18/01/2023,Journal Entry,75,,AGVT Interest Income,Interest Income,,21.92  ,"102,959.84  "
19/01/2023,Journal Entry,78,,AGVT,Interest Income,,26.30  ,"102,986.14  "
31/01/2023,Deposit,,ANZ Bank,CREDIT INTEREST PAID,Interest Income,,0.10  ,"102,986.24  "
17/02/2023,Journal Entry,79,,AGVT,Interest Income,,52.80  ,"103,039.04  "
16/03/2023,Journal Entry,95,,AGVT,Interest Income,,44.97  ,"103,084.01  "
20/04/2023,Journal Entry,96,,AGVT,Interest Income,,51.95  ,"103,135.96  "
16/05/2023,Journal Entry,97,,AGVT,Interest Income,,47.15  ,"103,183.11  "
31/05/2023,Deposit,,ANZ Bank,CREDIT INTEREST PAID,Interest Income,,0.51  ,"103,183.62  "
19/06/2023,Journal Entry,98,,AGVT,Interest Income,,54.02  ,"103,237.64  "
30/06/2023,Deposit,,ANZ Bank,CREDIT INTEREST PAID,Interest Income,,5.37  ,"103,243.01  "
30/06/2023,Journal Entry,104,,,Interest Income,129.77  ,,"103,113.24  "
19/07/2023,Journal Entry,111,,AGVT.AX,Interest Income,,48.14  ,"103,161.38  "
17/08/2023,Journal Entry,113,,AGVT.AX,Interest Income,,49.60  ,"103,210.98  "
19/09/2023,Journal Entry,116,,AGVT.AX,Interest Income,,71.61  ,"103,282.59  "
18/10/2023,Journal Entry,119,,AGVT.AX,Interest Income,,82.68  ,"103,365.27  "
16/11/2023,Journal Entry,120,,AGVT.AX,Interest Income,,94.84  ,"103,460.11  "
19/12/2023,Journal Entry,122,,AGVT.AX,Interest Income,,90.78  ,"103,550.89  "
18/01/2024,Journal Entry,126,,AGVT.AX,Interest Income,,91.82  ,"103,642.71  "
31/01/2024,Deposit,,ANZ Bank,CREDIT INTEREST PAID,Interest Income,,0.01  ,"103,642.72  "
31/01/2024,Expense,,,DEBIT INTEREST CHARGED,Interest Income,0.02  ,,"103,642.70  "
17/02/2024,Journal Entry,127,,AGVT.AX,Interest Income,,103.09  ,"103,745.79  "
19/03/2024,Journal Entry,129,,AGVT.AX,Interest Income,,91.39  ,"103,837.18  "
03/04/2024,Journal Entry,132,,,Interest Income,,70.60  ,"103,907.78  "
18/04/2024,Journal Entry,133,,AGVT.AX,Interest Income,,88.95  ,"103,996.73  "
03/05/2024,Journal Entry,134,,,Interest Income,,23.58  ,"104,020.31  "
16/05/2024,Journal Entry,135,,AGVT.AX,Interest Income,,101.68  ,"104,121.99  "
31/05/2024,Deposit,,ANZ Bank,CREDIT INTEREST PAID,Interest Income,,0.86  ,"104,122.85  "
20/06/2024,Journal Entry,142,,AGVT.AX,Interest Income,,96.56  ,"104,219.41  "
28/06/2024,Deposit,,ANZ Bank,CREDIT INTEREST PAID,Interest Income,,8.19  ,"104,227.60  "
31/07/2024,Deposit,,ANZ Bank,CREDIT INTEREST PAID,Interest Income,,4.05  ,"104,231.65  "
30/08/2024,Deposit,,ANZ Bank,CREDIT INTEREST PAID,Interest Income,,12.66  ,"104,244.31  "
05/09/2024,Journal Entry,181,,,Interest Income,,40.96  ,"104,285.27  "
30/09/2024,Deposit,,ANZ Bank,CREDIT INTEREST PAID,Interest Income,,94.65  ,"104,379.92  "
03/10/2024,Journal Entry,156,,,Interest Income,,43.49  ,"104,423.41  "
31/10/2024,Deposit,,ANZ Bank,CREDIT INTEREST PAID,Interest Income,,66.20  ,"104,489.61  "
05/11/2024,Journal Entry,183,,,Interest Income,,51.47  ,"104,541.08  "
29/11/2024,Deposit,,ANZ Bank,CREDIT INTEREST PAID,Interest Income,,39.58  ,"104,580.66  "
04/12/2024,Journal Entry,184,,,Interest Income,,50.36  ,"104,631.02  "
31/12/2024,Deposit,,ANZ Bank,CREDIT INTEREST PAID,Interest Income,,0.02  ,"104,631.04  "
31/12/2024,Deposit,,ANZ Bank,CREDIT INTEREST PAID,Interest Income,,61.74  ,"104,692.78  "
06/01/2025,Journal Entry,185,,,Interest Income,,57.15  ,"104,749.93  "
31/01/2025,Deposit,,ANZ Bank,CREDIT INTEREST PAID,Interest Income,,81.41  ,"104,831.34  "
05/02/2025,Journal Entry,186,,,Interest Income,,63.49  ,"104,894.83  "
28/02/2025,Journal Entry,160,,,Interest Income,,0.01  ,"104,894.84  "
28/02/2025,Journal Entry,161,,,Interest Income,,56.43  ,"104,951.27  "
05/03/2025,Journal Entry,187,,,Interest Income,,72.63  ,"105,023.90  "
05/03/2025,Journal Entry,188,,,Interest Income,0.02  ,,"105,023.88  "
31/03/2025,Deposit,,ANZ Bank,CREDIT INTEREST PAID,Interest Income,,0.02  ,"105,023.90  "
31/03/2025,Deposit,,ANZ Bank,CREDIT INTEREST PAID,Interest Income,,6.33  ,"105,030.23  "
03/04/2025,Journal Entry,189,,,Interest Income,,17.10  ,"105,047.33  "
30/04/2025,Deposit,,ANZ Bank,CREDIT INTEREST PAID,Interest Income,,0.02  ,"105,047.35  "
30/04/2025,Deposit,,ANZ Bank,CREDIT INTEREST PAID,Interest Income,,9.77  ,"105,057.12  "
30/05/2025,Deposit,,ANZ Bank,CREDIT INTEREST PAID,Interest Income,,28.20  ,"105,085.32  "
30/05/2025,Deposit,,ANZ Bank,CREDIT INTEREST PAID,Interest Income,,0.11  ,"105,085.43  "
04/06/2025,Journal Entry,194,,,Interest Income,,77.01  ,"105,162.44  "
30/06/2025,Deposit,,ANZ Bank,CREDIT INTEREST PAID,Interest Income,,0.89  ,"105,163.33  "
31/07/2025,Deposit,,ANZ Bank,CREDIT INTEREST PAID,Interest Income,,0.65  ,"105,163.98  "
29/08/2025,Deposit,,ANZ Bank,CREDIT INTEREST PAID,Interest Income,,0.30  ,"105,164.28  "
,,,,,,A$129.81  ,"A$105,294.09  ",
,,,,,,,,
17/07/2024,Journal Entry,143,,AGVT.AX,Interest Income:Security,,87.80  ,87.80  
17/08/2024,Journal Entry,148,,AGVT.AX,Interest Income:Security,,180.08  ,267.88  
18/09/2024,Journal Entry,149,,AGVT.AX,Interest Income:Security,,168.78  ,436.66  
17/10/2024,Journal Entry,157,,AGVT.AX,Interest Income:Security,,174.79  ,611.45  
19/11/2024,Journal Entry,163,,AGVT.AX,Interest Income:Security,,168.13  ,779.58  
18/12/2024,Journal Entry,167,,AGVT.AX,Interest Income:Security,,168.71  ,948.29  
18/01/2025,Journal Entry,171,,AGVT.AX,Interest Income:Security,,187.27  ,"1,135.56  "
19/02/2025,Journal Entry,172,,AGVT.AX,Interest Income:Security,,181.25  ,"1,316.81  "
19/03/2025,Journal Entry,177,,AGVT.AX,Interest Income:Security,,164.21  ,"1,481.02  "
17/04/2025,Journal Entry,178,,AGVT.AX,Interest Income:Security,,182.26  ,"1,663.28  "
17/05/2025,Journal Entry,193,,AGVT.AX,Interest Income:Security,,179.27  ,"1,842.55  "
19/06/2025,Journal Entry,205,,AGVT.AX,Interest Income:Security,,178.56  ,"2,021.11  "
,,,,,,   ,"A$2,021.11  ",
,,,,,,A$129.81  ,"A$107,315.20  ",
,,,,,,,,
15/09/2021,Journal Entry,58,,"Capital Loss on Sale : Cost Base $62,945.30",,0.00  ,,0.00  
,,,,,,A$0.00  ,,
,,,,,,,,
,,,,,,,,
,,,,,,,,